1799 3119
818 203 874 248 45

241 323 364 377 Quod
399 322 522 368 Plato
546 320 721 368 ‘totum'
739 323 849 368 'dicit
886 322 1067 368 oratoris
1106 325 1322 368 certamen
1360 322 1407 367 in
1446 322 1527 368 du·-

152 402 296 451 oendis
334 414 385 446 ae
420 400 630 459 pellendis
669 401 823 446 animis
863 401 974 446 verti
1012 404 1231 459 totamque
1270 401 1528 447 rhetoricam

152 485 284 528 artem
324 478 539 537 quandam
578 486 684 525 esse
708 478 1004 536 flexanimam,
1042 479 1123 524 hoo
1163 492 1314 524 vereor
1351 493 1406 524 ne
1441 493 1528 524 non

151 561 241 606 sine
279 558 394 602 iusta
432 570 562 602 eausa
597 557 736 616 possit
773 555 997 602 offendere.
1059 557 1171 610 Quid
1208 557 1355 602 enim?
1397 557 1461 602 ita
1491 558 1529 601 si

150 638 254 683 artis
294 635 506 680 oratoriae
546 635 920 694 eomprehenditur
948 638 1128 692 natura,
1165 649 1305 680 nonne
1337 635 1451 693 quod
1481 636 1528 679 in

150 714 483 771 argumentando
515 716 559 758 et
589 713 918 758 demonstrando
949 714 1138 758 cernitur
1169 714 1349 758 oratoris
1370 727 1526 758 munus

147 795 323 852 prorsus
361 791 623 849 neglig-itur?
668 790 741 836 An
777 790 1105 835 demonstrando
1137 791 1269 835 animi
1299 789 1527 836 fleetuntur

147 884 197 916 ao
216 873 465 929 moventur,
487 870 778 916 rationibusve
798 869 1083 929 persuadetur
1103 868 1286 913 animis?
1314 868 1527 927 Apparet,

146 950 294 1008 oredo,
334 950 378 994 id
408 950 523 1007 quod
552 950 639 995 iam
670 949 882 1007 diximus,
921 948 1158 994 rationibus
1190 950 1234 993 et
1264 948 1527 1004 argumentis

146 1029 220 1086 qui
260 1028 363 1086 quid
393 1028 636 1075 hominibus
665 1028 841 1088 probet,
882 1042 980 1074 eum
1010 1027 1145 1073 menti
1175 1027 1417 1085 iudicioque
1448 1026 1525 1073 ho·
1572 1032 1581 1037 ’

144 1107 308 1150 minum
329 1107 600 1163 persuadere.
647 1107 709 1151 At
728 1106 867 1164 Plato,
897 1107 1081 1163 inquies,
1110 1106 1525 1162 argumentationem

144 1197 222 1230 nee
250 1184 298 1229 in
318 1182 486 1240 Gorgia>
507 1198 586 1230 nee
615 1185 663 1229 in
681 1183 876 1230 Phaedro
906 1199 961 1230 ne
990 1185 1143 1230 leviter
1173 1184 1345 1242 quidem
1366 1184 1523 1240 tetigit.

91 1310 99 1323 „
144 1262 230 1307 Sed
261 1262 372 1320 quis,
404 1276 577 1319 quaeso,
608 1248 1000 1320 praeclarissimum
1021 1261 1324 1320 philosophum
1347 1265 1437 1306 tam
1458 1262 1525 1305 in-

144 1343 290 1399 eptum
341 1340 473 1384 fuisse
520 1340 687 1397 eredat,
738 1343 788 1384 ut
833 1341 1047 1384 orationes
1093 1339 1525 1384 demonstrationibus

142 1431 287 1463 carere
326 1432 453 1476 posse
492 1417 691 1476 putaret?
735 1417 794 1462 Et
829 1412 968 1475 quid?
1004 1428 1145 1463 nonne
1176 1417 1321 1475 docet,
1363 1418 1524 1462 oratori

143 1511 250 1556 opus
289 1511 382 1543 esse
419 1495 762 1543 definitionibus?
807 1495 1116 1542 Definitionum
1147 1499 1290 1543 autem
1322 1497 1396 1555 qui
1426 1500 1523 1541 tan-

142 1575 240 1619 dem
273 1575 387 1619 ‘alius
425 1578 491 1619 est
530 1589 658 1632 usus,
695 1575 780 1620 nisi
818 1578 868 1619 ut
903 1574 1183 1639 fundamenta
1219 1576 1329 1632 sint,
1369 1575 1524 1632 quibus

140 1654 304 1699 nitatur
334 1653 670 1698 demonstratio?
714 1653 1011 1699 Necessariam
1041 1654 1175 1709 igitur
1206 1654 1299 1699 sine
1329 1653 1419 1699 ulla
1444 1653 1523 1698 du·

140 1731 346 1776 bitatione
392 1732 538 1777 etiam,
560 1730 684 1775 Plato
724 1731 1136 1787 argumentationem
1172 1731 1219 1775 in
1257 1731 1522 1776 orationibus

142 1823 234 1854 esse
280 1810 457 1854 censuit.
513 1808 820 1859 Verumtamen
862 1810 998 1868 quod,
1045 1811 1126 1855 etsi
1164 1810 1270 1854 haee
1304 1810 1368 1854 ita
1408 1813 1522 1867 sunt,

141 1890 285 1933 tamen
315 1888 432 1933 illius
463 1887 626 1933 nullam
654 1887 814 1934 habens
836 1889 1047 1935 rationem
1066 1888 1338 1946 rhetorioam',
1372 1888 1409 1949 si
1430 1888 1522 1933 eius

141 1970 357 2025 spectetur
392 1980 582 2024 summa,
622 1970 759 2011 artem
791 1967 1004 2024 quandam
1035 1967 1325 2011 dueendorum
1356 1966 1520 2010 animo-

140 2058 237 2090 rum
284 2059 377 2091 esse
425 2045 551 2102 dicit,
598 2044 677 2090 hoo
718 2045 955 2090 certissimo
995 2048 1060 2091 est
1097 2047 1373 2102 argumento,
1421 2054 1520 2089 eum

140 2127 270 2181 caput
301 2124 484 2168 oratoris
514 2126 721 2168 nontam
751 2123 799 2167 id
830 2136 923 2168 esse
953 2126 1143 2181 putasse,
1174 2126 1224 2167 ut
1253 2136 1323 2166 res
1344 2122 1520 2167 demon-

141 2203 394 2260 strarentur,
431 2215 560 2260 quam
589 2204 640 2247 ut
670 2201 803 2247 animi
834 2201 1114 2259 audientium,
1145 2214 1396 2259 quacunque
1425 2199 1520 2246 fieri

139 2285 284 2337 posset
318 2282 507 2338 ratione,
545 2283 924 2339 pertractarentur.
980 2280 1102 2333 Quod
1131 2293 1217 2324 non
1247 2279 1520 2324 mediocriter

141 2366 190 2403 ea
206 2376 208 2378 ’
227 2374 275 2406 re
314 2358 612 2417 confirmatur,
652 2358 766 2417 quod
803 2358 856 2404 de
892 2358 1259 2414 argumentatione
1289 2358 1387 2417 ipsa
1416 2371 1518 2403 nus—

140 2449 265 2492 quam
297 2452 351 2482 ne
382 2439 653 2495 paucissimis
685 2437 856 2495 quidem
886 2436 988 2480 feeit
1017 2437 1294 2493 mentionem,
1326 2444 1439 2493 oum,
1471 2440 1518 2479 ut

139 2512 184 2557 in
213 2513 407 2561 Phaedro
448 2528 497 2560 eo
536 2502 815 2561 dedueeretur
853 2513 1109 2572 disputatio,
1146 2513 1243 2560 fieri
1276 2527 1412 2573 paene
1441 2513 1516 2559 dea.

138 2590 291 2639 buerit.
346 2594 457 2639 Nam
494 2593 555 2639 ibi
589 2594 635 2638 id
664 2593 852 2639 maxime
883 2592 992 2649 egit,
1031 2595 1081 2638 ut
1110 2593 1308 2649 vulgares
1339 2592 1392 2637 de
1423 2594 1517 2644 arte
