1799 3119
816 232 843 284 3

136 357 331 416 quodque
362 370 448 401 non
478 354 605 401 modo
636 354 752 413 ipse,
784 359 832 399 ut
862 355 908 399 in
939 352 1121 399 Graecia
1150 355 1407 411 remaneret,
1439 351 1517 398 ad-

135 436 287 489 ductus
319 440 455 481 artem
486 447 629 493 suam,
660 448 789 492 quam
819 448 906 480 non
937 433 1030 480 sine
1060 433 1177 488 iusta
1207 445 1338 476 causa
1370 431 1518 476 admo-

118 516 236 559 ‘dum
269 519 567 572 quaestuosam
596 514 688 559 fore
711 514 929 570 magistris
950 513 1144 571 putabat,
1175 511 1345 570 publice
1367 511 1518 555 docere

136 597 179 640 et
208 594 378 640 tradere
408 593 643 650 constituit,
674 606 824 638 verum
854 592 986 639 etiam
1016 605 1173 647 magna
1204 591 1389 635 aliorum
1421 589 1519 634 rhe-

135 676 277 720 torum
310 672 681 730 sophistarumque
712 671 854 728 turba,
886 671 959 729 qui
992 673 1035 715 et
1064 671 1109 714 in
1130 669 1387 728 disputando
1409 668 1519 714 etin

136 751 398 796 orationibus
435 751 649 795 continuis
687 750 894 794 habendis
933 763 1067 805 aeque
1103 748 1211 793 bene
1250 762 1301 792 ac
1336 747 1520 803 Gorgias

135 830 294 873 versati
327 832 463 884 erant,
494 842 550 874 ex
580 828 778 874 omnibus
809 826 1055 882 regionibus
1075 829 1119 871 et
1138 826 1326 872 maxime
1348 826 1520 882 quidem

137 920 191 952 ex
213 905 359 952 Sicilia
391 909 435 951 et
464 904 622 962 Magna
642 905 822 951 Graecia
852 905 898 952 in
928 917 1083 950 novam
1112 903 1232 949 illam
1253 903 1521 961 eloquentiae

137 986 281 1034 sedem
319 987 507 1043 migrare
543 985 714 1045 coepit?
772 976 1036 1042 Accedebat,
1076 984 1191 1043 quod
1221 982 1296 1029 illo
1327 986 1522 1042 tempore

137 1066 319 1111 Athenis
359 1065 515 1113 relicta·
550 1066 762 1112 maiorum
803 1064 1078 1122 simplicitate
1109 1064 1352 1120 veterisque
1390 1063 1519 1107 disci-

134 1143 278 1202 plinae
317 1144 543 1188 severitate
570 1157 664 1189 non
704 1143 848 1188 minus
887 1142 940 1186 de
977 1143 1105 1187 rebus
1137 1143 1272 1187 sacris
1304 1155 1434 1199 quam
1465 1142 1519 1186 de

134 1221 326 1279 profanis
365 1224 492 1269 ,tanta
519 1222 788 1279 *opinionum
835 1224 879 1264 et
925 1222 1234 1264 sententiarum
1274 1221 1518 1264 immutatio

135 1303 264 1357 atque
299 1300 519 1345 conversio
550 1299 644 1345 fieri
675 1301 899 1356 coeperat,
934 1301 984 1342 ut
1013 1299 1059 1342 in
1089 1298 1217 1343 rebus
1248 1298 1407 1343 divinis
1437 1298 1520 1343 im-

134 1378 355 1437 pietatem,
385 1378 605 1425 levitatem
635 1378 681 1422 in
713 1378 920 1435 moribus,
951 1378 996 1423 in
1021 1378 1147 1423 rebus
1170 1377 1366 1423 civilibus
1386 1377 1520 1423 licen-

134 1458 239 1501 tiam
270 1457 316 1501 in
348 1457 457 1509 dies‘x
469 1457 608 1513 magis
639 1456 861 1514 magisque
881 1456 1072 1515 irrepere
1094 1460 1206 1502 esset
1226 1457 1518 1502 manifestum.

135 1535 228 1588 Qua
267 1549 365 1588 cum
402 1549 547 1597 rerum
578 1536 906 1581 Atheniensium
936 1536 1183 1581 condicione
1214 1535 1417 1593 quoniam
1450 1550 1518 1581 so-

133 1613 375 1671 phistarum
406 1613 600 1666 doctrina
629 1612 825 1671 illaque„
843 1627 972 1671 quam
1001 1614 1049 1658 in
1079 1614 1419 1672 philosophando
1442 1627 1520 1667 se-

135 1692 389 1749 quebantur,
419 1693 530 1739 ratio
563 1695 607 1737 et
626 1693 697 1737 via
727 1685 854 1751 plane
877 1693 1180 1750 congruebant,
1213 1694 1343 1739 etiam
1363 1707 1419 1739 ex
1439 1693 1521 1742 hac

135 1774 274 1829 parte,
307 1774 350 1816 et
380 1784 457 1816 cur
487 1770 681 1815 Athenas
712 1770 777 1815 illi
808 1771 997 1829 undique
1027 1772 1335 1829 concurrerint,
1368 1776 1412 1817 et
1442 1785 1520 1817 cur

135 1849 196 1893 ibi
228 1853 292 1893 tot
322 1850 512 1897 omnium
526 1887 529 1888 γ
545 1853 735 1894 aetatum
765 1850 982 1906 homines,
1015 1850 1089 1906 qui
1119 1864 1217 1894 cum
1246 1851 1355 1908 ipsis
1387 1852 1520 1895 senti-

134 1930 246 1983 rent,
277 1926 534 1985 invenerint,
566 1941 694 1985 quam
725 1928 913 1974 maxime
945 1931 1010 1973 est
1040 1928 1329 1987 perspicuum.
1384 1928 1519 1975 Deni-

137 2018 218 2064 que
249 2018 335 2051 non
366 2006 602 2051 omittenda
634 2009 699 2051 est
727 2007 856 2051 tertia
877 2007 1020 2064 aliqua
1039 2020 1118 2051 nec
1139 1997 1193 2051 ea*
1210 2007 1362 2052 ceteris
1382 2007 1519 2053 levior

135 2098 204 2137 res
244 2085 476 2131 minorisve
513 2085 743 2143 momenti,
788 2088 938 2143 utpote
976 2099 1084 2143 quae
1123 2084 1331 2145 effecerit,
1376 2090 1425 2132 ut
1464 2101 1519 2133 ne

135 2164 496 2221 praestantissimi
536 2164 707 2222 quidem
745 2164 939 2208 homines
973 2164 1257 2222 sophistarum
1291 2170 1519 2210 consuetu-

137 2242 279 2286 dinem
316 2244 606 2300 repudiarent.
662 2242 800 2287 Erant
831 2243 945 2286 enim
975 2242 1041 2286 illi
1070 2257 1227 2299 magna
1257 2248 1300 2288 et
1329 2244 1519 2290 admira-

135 2320 213 2366 bili
258 2321 305 2365 in
346 2322 499 2400 studiis
539 2322 628 2367 suis
668 2321 792 2390 copia
832 2325 878 2368 et
912 2322 1145 2380 varietate,
1191 2336 1289 2367 cum
1326 2324 1519 2368 omnium

135 2413 288 2457 paene,
319 2414 428 2458 quae
458 2405 561 2446 tune
592 2404 716 2446 erant
745 2404 887 2457 notae,
919 2401 1241 2464 disciplinarum
1268 2402 1413 2460 aliqua
1433 2403 1518 2448 sal-

136 2481 225 2523 tem.
264 2493 319 2524 ex
355 2483 500 2538 parte,
538 2480 838 2527 nonnullarum
880 2479 1009 2525 etiam
1048 2480 1269 2538 praeclare
1307 2482 1431 2538 gnari
1469 2495 1518 2526 ac

136 2557 265 2615 periti
305 2561 461 2602 essent.
525 2558 618 2610 Qua
657 2559 834 2602 scientia
874 2562 917 2602 et
955 2559 1196 2620 cognitione
1228 2561 1309 2605 etsi
1340 2574 1425 2605 non
1455 2560 1517 2603 ita

136 2635 388 2695 utebantur,
427 2638 476 2681 ut
514 2635 805 2682 doctrinarum
836 2636 1009 2682 illarum
1039 2642 1271 2698 praecepta
1300 2637 1519 2683 traderent

1227 2717 1246 2751 1
1261 2715 1283 2739 3
