<?xml version="1.0" encoding="UTF-8"?>
<!DOCTYPE html PUBLIC "-//W3C//DTD XHTML 1.0 Transitional//EN"
    "http://www.w3.org/TR/xhtml1/DTD/xhtml1-transitional.dtd">
<html xmlns="http://www.w3.org/1999/xhtml" xml:lang="en" lang="en">
 <head>
  <title>
</title>
<meta http-equiv="Content-Type" content="text/html;charset=utf-8" />
  <meta name='ocr-system' content='tesseract 3.04.00' />
  <meta name='ocr-capabilities' content='ocr_page ocr_carea ocr_par ocr_line ocrx_word'/>
</head>
<body>
  <div class='ocr_page' id='page_1' title='image "4737186_0062.png"; bbox 0 0 1799 3119; ppageno 0'>
   <div class='ocr_carea' id='block_1_1' title="bbox 946 217 1003 258">
    <p class='ocr_par' dir='ltr' id='par_1_1' title="bbox 946 217 1003 258">
     <span class='ocr_line' id='line_1_1' title="bbox 946 217 1003 258; baseline -0.018 0"><span class='ocrx_word' id='word_1_1' title='bbox 946 217 1003 258; x_wconf 84' lang='lat'><strong>52</strong></span> 
     </span>
    </p>
   </div>
   <div class='ocr_carea' id='block_1_2' title="bbox 867 273 1087 285">
    <p class='ocr_par' dir='ltr' id='par_1_2' title="bbox 867 273 1087 285">
     <span class='ocr_line' id='line_1_2' title="bbox 867 273 1087 285; baseline 0 2834"><span class='ocrx_word' id='word_1_2' title='bbox 867 273 1087 285; x_wconf 95' lang='lat' dir='ltr'><strong> </strong></span> 
     </span>
    </p>
   </div>
   <div class='ocr_carea' id='block_1_3' title="bbox 276 328 1668 715">
    <p class='ocr_par' dir='ltr' id='par_1_3' title="bbox 276 328 1668 715">
     <span class='ocr_line' id='line_1_3' title="bbox 277 328 1666 393; baseline -0.001 -14"><span class='ocrx_word' id='word_1_3' title='bbox 277 334 385 379; x_wconf 88' lang='lat' dir='ltr'><strong>toris</strong></span> <span class='ocrx_word' id='word_1_4' title='bbox 424 347 581 379; x_wconf 86' lang='lat' dir='ltr'><strong>munus</strong></span> <span class='ocrx_word' id='word_1_5' title='bbox 619 334 665 378; x_wconf 89' lang='lat' dir='ltr'><strong>id</strong></span> <span class='ocrx_word' id='word_1_6' title='bbox 706 347 800 379; x_wconf 85' lang='lat' dir='ltr'><strong>esse</strong></span> <span class='ocrx_word' id='word_1_7' title='bbox 837 348 923 379; x_wconf 92' lang='lat' dir='ltr'><strong>non</strong></span> <span class='ocrx_word' id='word_1_8' title='bbox 952 337 1119 393; x_wconf 87' lang='lat' dir='ltr'><strong>potest,</strong></span> <span class='ocrx_word' id='word_1_9' title='bbox 1159 333 1272 393; x_wconf 90' lang='lat' dir='ltr'><strong>quod</strong></span> <span class='ocrx_word' id='word_1_10' title='bbox 1303 333 1384 378; x_wconf 88' lang='lat' dir='ltr'><strong>etsi</strong></span> <span class='ocrx_word' id='word_1_11' title='bbox 1414 328 1666 390; x_wconf 83' lang='lat' dir='ltr'><strong>neglexerit,</strong></span> 
     </span>
     <span class='ocr_line' id='line_1_4' title="bbox 277 413 1668 474; baseline -0.001 -15"><span class='ocrx_word' id='word_1_12' title='bbox 277 417 424 460; x_wconf 86' lang='lat' dir='ltr'><strong>tamen</strong></span> <span class='ocrx_word' id='word_1_13' title='bbox 456 428 482 459; x_wconf 83' lang='lat' dir='ltr'><strong>a</strong></span> <span class='ocrx_word' id='word_1_14' title='bbox 506 414 840 474; x_wconf 86' lang='lat' dir='ltr'><strong>reprehensione</strong></span> <span class='ocrx_word' id='word_1_15' title='bbox 867 417 986 460; x_wconf 89' lang='lat' dir='ltr'><strong>tutus</strong></span> <span class='ocrx_word' id='word_1_16' title='bbox 1015 414 1112 472; x_wconf 87' lang='lat' dir='ltr'><strong>erit,</strong></span> <span class='ocrx_word' id='word_1_17' title='bbox 1145 427 1313 474; x_wconf 90' lang='lat' dir='ltr'><strong>quoque</strong></span> <span class='ocrx_word' id='word_1_18' title='bbox 1334 414 1371 460; x_wconf 87' lang='lat' dir='ltr'><strong>si</strong></span> <span class='ocrx_word' id='word_1_19' title='bbox 1390 413 1563 459; x_wconf 81' lang='lat' dir='ltr'><strong>functus</strong></span> <span class='ocrx_word' id='word_1_20' title='bbox 1584 413 1668 459; x_wconf 89' lang='lat' dir='ltr'><strong>erit</strong></span> 
     </span>
     <span class='ocr_line' id='line_1_5' title="bbox 277 492 1666 553; baseline -0.002 -15"><span class='ocrx_word' id='word_1_21' title='bbox 277 493 485 550; x_wconf 79' lang='lat' dir='ltr'>neglectis</span> <span class='ocrx_word' id='word_1_22' title='bbox 533 494 711 551; x_wconf 88' lang='lat' dir='ltr'><strong>ceteris,</strong></span> <span class='ocrx_word' id='word_1_23' title='bbox 760 494 1060 550; x_wconf 83' lang='lat' dir='ltr'><strong>gravissimam</strong></span> <span class='ocrx_word' id='word_1_24' title='bbox 1099 493 1145 537; x_wconf 91' lang='lat' dir='ltr'><strong>in</strong></span> <span class='ocrx_word' id='word_1_25' title='bbox 1183 493 1559 553; x_wconf 81' lang='lat' dir='ltr'><strong>reprehensionem</strong></span> <span class='ocrx_word' id='word_1_26' title='bbox 1598 492 1666 536; x_wconf 91' lang='lat' dir='ltr'><strong>in-</strong></span> 
     </span>
     <span class='ocr_line' id='line_1_6' title="bbox 278 572 1667 630; baseline -0.001 -13"><span class='ocrx_word' id='word_1_27' title='bbox 278 577 435 618; x_wconf 89' lang='lat' dir='ltr'><strong>curret.</strong></span> <span class='ocrx_word' id='word_1_28' title='bbox 489 573 663 618; x_wconf 77' lang='lat' dir='ltr'><strong>Rectius</strong></span> <span class='ocrx_word' id='word_1_29' title='bbox 700 573 836 630; x_wconf 86' lang='lat' dir='ltr'><strong>igitur</strong></span> <span class='ocrx_word' id='word_1_30' title='bbox 876 574 969 618; x_wconf 87' lang='lat' dir='ltr'><strong>sine</strong></span> <span class='ocrx_word' id='word_1_31' title='bbox 1006 573 1136 619; x_wconf 90' lang='lat' dir='ltr'><strong>dubio</strong></span> <span class='ocrx_word' id='word_1_32' title='bbox 1167 572 1423 619; x_wconf 86' lang='lat' dir='ltr'><strong>Aristoteles</strong></span> <span class='ocrx_word' id='word_1_33' title='bbox 1454 580 1667 616; x_wconf 79' lang='lat' dir='ltr'><strong>summam</strong></span> 
     </span>
     <span class='ocr_line' id='line_1_7' title="bbox 276 651 1668 715; baseline -0.001 -20"><span class='ocrx_word' id='word_1_34' title='bbox 276 652 325 696; x_wconf 91' lang='lat' dir='ltr'><strong>in</strong></span> <span class='ocrx_word' id='word_1_35' title='bbox 357 651 537 696; x_wconf 83' lang='lat' dir='ltr'><strong>dicendo</strong></span> <span class='ocrx_word' id='word_1_36' title='bbox 556 652 648 696; x_wconf 83' lang='lat' dir='ltr'><strong>vim</strong></span> <span class='ocrx_word' id='word_1_37' title='bbox 678 651 831 715; x_wconf 82' lang='lat' dir='ltr'><strong>tribuit</strong></span> <span class='ocrx_word' id='word_1_38' title='bbox 855 651 1229 707; x_wconf 79' lang='lat' dir='ltr'><strong>argumentationi.</strong></span> <span class='ocrx_word' id='word_1_39' title='bbox 1253 676 1311 683; x_wconf 92' lang='lat'><strong>—</strong></span> <span class='ocrx_word' id='word_1_40' title='bbox 1334 651 1420 697; x_wconf 85' lang='lat' dir='ltr'><strong>Sed</strong></span> <span class='ocrx_word' id='word_1_41' title='bbox 1439 662 1668 710; x_wconf 83' lang='lat' dir='ltr'><strong>pergamus</strong></span> 
     </span>
    </p>
   </div>
   <div class='ocr_carea' id='block_1_4' title="bbox 277 730 1744 789">
    <p class='ocr_par' dir='ltr' id='par_1_4' title="bbox 277 730 1744 789">
     <span class='ocr_line' id='line_1_8' title="bbox 277 730 1744 789; baseline -0.001 -14"><span class='ocrx_word' id='word_1_42' title='bbox 277 732 333 775; x_wconf 88' lang='lat' dir='ltr'><strong>ad</strong></span> <span class='ocrx_word' id='word_1_43' title='bbox 368 731 437 789; x_wconf 88' lang='lat' dir='ltr'><strong>id,</strong></span> <span class='ocrx_word' id='word_1_44' title='bbox 478 731 592 789; x_wconf 90' lang='lat' dir='ltr'><strong>quod</strong></span> <span class='ocrx_word' id='word_1_45' title='bbox 622 731 836 789; x_wconf 87' lang='lat' dir='ltr'><strong>reliquum</strong></span> <span class='ocrx_word' id='word_1_46' title='bbox 868 734 956 788; x_wconf 90' lang='lat' dir='ltr'><strong>est,</strong></span> <span class='ocrx_word' id='word_1_47' title='bbox 995 731 1326 789; x_wconf 83' lang='lat' dir='ltr'><strong>videamusque,</strong></span> <span class='ocrx_word' id='word_1_48' title='bbox 1363 740 1467 775; x_wconf 88' lang='lat' dir='ltr'><strong>num</strong></span> <span class='ocrx_word' id='word_1_49' title='bbox 1498 730 1667 775; x_wconf 84' lang='lat' dir='ltr'><strong>Aristo·</strong></span> <span class='ocrx_word' id='word_1_50' title='bbox 1741 762 1744 765; x_wconf 62' lang='grc'><em>»</em></span> 
     </span>
    </p>
   </div>
   <div class='ocr_carea' id='block_1_5' title="bbox 256 807 1672 2673">
    <p class='ocr_par' dir='ltr' id='par_1_5' title="bbox 256 807 1672 2673">
     <span class='ocr_line' id='line_1_9' title="bbox 276 807 1667 867; baseline -0.001 -13"><span class='ocrx_word' id='word_1_51' title='bbox 276 809 399 867; x_wconf 85' lang='lat' dir='ltr'><strong>teles,</strong></span> <span class='ocrx_word' id='word_1_52' title='bbox 432 810 637 867; x_wconf 86' lang='lat' dir='ltr'><strong>quoniam</strong></span> <span class='ocrx_word' id='word_1_53' title='bbox 668 810 938 855; x_wconf 89' lang='lat' dir='ltr'><strong>consentiens</strong></span> <span class='ocrx_word' id='word_1_54' title='bbox 970 824 1067 855; x_wconf 91' lang='lat' dir='ltr'><strong>cum</strong></span> <span class='ocrx_word' id='word_1_55' title='bbox 1098 809 1277 855; x_wconf 86' lang='lat' dir='ltr'><strong>Platone</strong></span> <span class='ocrx_word' id='word_1_56' title='bbox 1309 809 1364 854; x_wconf 86' lang='lat' dir='ltr'><strong>ad</strong></span> <span class='ocrx_word' id='word_1_57' title='bbox 1396 810 1561 854; x_wconf 86' lang='lat' dir='ltr'><strong>animos</strong></span> <span class='ocrx_word' id='word_1_58' title='bbox 1591 807 1667 853; x_wconf 88' lang='lat' dir='ltr'><strong>fle-</strong></span> 
     </span>
     <span class='ocr_line' id='line_1_10' title="bbox 277 889 1668 948; baseline -0.001 -13"><span class='ocrx_word' id='word_1_59' title='bbox 277 889 454 935; x_wconf 90' lang='lat' dir='ltr'><strong>ctendos</strong></span> <span class='ocrx_word' id='word_1_60' title='bbox 493 890 689 948; x_wconf 87' lang='lat' dir='ltr'><strong>apposite</strong></span> <span class='ocrx_word' id='word_1_61' title='bbox 720 889 947 934; x_wconf 88' lang='lat' dir='ltr'><strong>dicendum</strong></span> <span class='ocrx_word' id='word_1_62' title='bbox 979 903 1072 934; x_wconf 89' lang='lat' dir='ltr'><strong>esse</strong></span> <span class='ocrx_word' id='word_1_63' title='bbox 1104 890 1265 934; x_wconf 86' lang='lat' dir='ltr'><strong>oratori</strong></span> <span class='ocrx_word' id='word_1_64' title='bbox 1296 889 1538 945; x_wconf 87' lang='lat' dir='ltr'><strong>existimat,</strong></span> <span class='ocrx_word' id='word_1_65' title='bbox 1574 889 1668 946; x_wconf 85' lang='lat' dir='ltr'><strong>ipse</strong></span> 
     </span>
     <span class='ocr_line' id='line_1_11' title="bbox 278 961 1669 1025; baseline -0.001 -13"><span class='ocrx_word' id='word_1_66' title='bbox 278 981 447 1025; x_wconf 92' lang='lat' dir='ltr'><strong>quoque</strong></span> <span class='ocrx_word' id='word_1_67' title='bbox 480 980 591 1024; x_wconf 87' lang='lat' dir='ltr'><strong>eam,</strong></span> <span class='ocrx_word' id='word_1_68' title='bbox 624 980 709 1024; x_wconf 94' lang='grc'><strong>11113</strong></span> <span class='ocrx_word' id='word_1_69' title='bbox 738 967 812 1011; x_wconf 87' lang='grc'><strong>1113</strong></span> <span class='ocrx_word' id='word_1_70' title='bbox 833 966 944 1011; x_wconf 86' lang='grc'><strong>113113</strong></span> <span class='ocrx_word' id='word_1_71' title='bbox 964 967 1018 1012; x_wconf 85' lang='grc'><strong>01)</strong></span> <span class='ocrx_word' id='word_1_72' title='bbox 1040 980 1212 1012; x_wconf 84' lang='lat' dir='ltr'><strong>causam</strong></span> <span class='ocrx_word' id='word_1_73' title='bbox 1235 970 1449 1012; x_wconf 88' lang='lat' dir='ltr'><strong>oratorem</strong></span> <span class='ocrx_word' id='word_1_74' title='bbox 1470 961 1669 1011; x_wconf 83' lang='lat' dir='ltr'><strong>ornatum</strong></span> 
     </span>
     <span class='ocr_line' id='line_1_12' title="bbox 278 1045 1669 1104; baseline -0.001 -13"><span class='ocrx_word' id='word_1_75' title='bbox 278 1060 372 1091; x_wconf 86' lang='lat' dir='ltr'><strong>esse</strong></span> <span class='ocrx_word' id='word_1_76' title='bbox 401 1045 508 1102; x_wconf 77' lang='lat' dir='ltr'><strong>vult,</strong></span> <span class='ocrx_word' id='word_1_77' title='bbox 541 1046 764 1090; x_wconf 88' lang='lat' dir='ltr'><strong>scientiam</strong></span> <span class='ocrx_word' id='word_1_78' title='bbox 797 1046 1168 1104; x_wconf 79' lang='lat' dir='ltr'><strong>cognitionemque</strong></span> <span class='ocrx_word' id='word_1_79' title='bbox 1198 1046 1485 1091; x_wconf 82' lang='lat' dir='ltr'><strong>necessariam</strong></span> <span class='ocrx_word' id='word_1_80' title='bbox 1517 1045 1572 1089; x_wconf 88' lang='lat' dir='ltr'><strong>ad</strong></span> <span class='ocrx_word' id='word_1_81' title='bbox 1603 1045 1669 1089; x_wconf 91' lang='lat' dir='ltr'><strong>di-</strong></span> 
     </span>
     <span class='ocr_line' id='line_1_13' title="bbox 256 1122 1669 1183; baseline -0.001 -13"><span class='ocrx_word' id='word_1_82' title='bbox 256 1125 461 1171; x_wconf 76' lang='lat' dir='ltr'><strong>cendum</strong></span> <span class='ocrx_word' id='word_1_83' title='bbox 503 1124 673 1170; x_wconf 86' lang='lat' dir='ltr'><strong>habeat.</strong></span> <span class='ocrx_word' id='word_1_84' title='bbox 737 1125 803 1170; x_wconf 92' lang='lat' dir='ltr'><strong>Ac</strong></span> <span class='ocrx_word' id='word_1_85' title='bbox 840 1128 970 1181; x_wconf 86' lang='lat' dir='ltr'><strong>negat</strong></span> <span class='ocrx_word' id='word_1_86' title='bbox 1008 1124 1182 1183; x_wconf 92' lang='lat' dir='ltr'><strong>quidem</strong></span> <span class='ocrx_word' id='word_1_87' title='bbox 1219 1137 1475 1183; x_wconf 82' lang='lat' dir='ltr'><strong>quemquam</strong></span> <span class='ocrx_word' id='word_1_88' title='bbox 1506 1124 1552 1169; x_wconf 92' lang='lat' dir='ltr'><strong>in</strong></span> <span class='ocrx_word' id='word_1_89' title='bbox 1581 1122 1669 1168; x_wconf 88' lang='lat' dir='ltr'><strong>illis</strong></span> 
     </span>
     <span class='ocr_line' id='line_1_14' title="bbox 278 1203 1670 1260; baseline -0.002 -12"><span class='ocrx_word' id='word_1_90' title='bbox 278 1204 485 1248; x_wconf 85' lang='lat' dir='ltr'><strong>orationis</strong></span> <span class='ocrx_word' id='word_1_91' title='bbox 525 1203 775 1260; x_wconf 85' lang='lat' dir='ltr'><strong>generibus,</strong></span> <span class='ocrx_word' id='word_1_92' title='bbox 816 1204 971 1260; x_wconf 87' lang='lat' dir='ltr'><strong>quibus</strong></span> <span class='ocrx_word' id='word_1_93' title='bbox 1010 1207 1086 1247; x_wconf 89' lang='grc'><strong>3111</strong></span> <span class='ocrx_word' id='word_1_94' title='bbox 1121 1203 1400 1248; x_wconf 80' lang='lat' dir='ltr'><strong>concilientur</strong></span> <span class='ocrx_word' id='word_1_95' title='bbox 1430 1203 1563 1247; x_wconf 87' lang='lat' dir='ltr'><strong>animi</strong></span> <span class='ocrx_word' id='word_1_96' title='bbox 1595 1205 1670 1246; x_wconf 84' lang='lat' dir='ltr'><strong>aut</strong></span> 
     </span>
     <span class='ocr_line' id='line_1_15' title="bbox 278 1281 1669 1341; baseline -0.002 -13"><span class='ocrx_word' id='word_1_97' title='bbox 278 1286 637 1341; x_wconf 86' lang='lat' dir='ltr'><strong>permoveantur,</strong></span> <span class='ocrx_word' id='word_1_98' title='bbox 678 1282 832 1326; x_wconf 85' lang='lat' dir='ltr'><strong>callide</strong></span> <span class='ocrx_word' id='word_1_99' title='bbox 869 1296 919 1327; x_wconf 89' lang='lat' dir='ltr'><strong>ac</strong></span> <span class='ocrx_word' id='word_1_100' title='bbox 957 1283 1095 1340; x_wconf 90' lang='lat' dir='ltr'><strong>perite</strong></span> <span class='ocrx_word' id='word_1_101' title='bbox 1133 1296 1260 1340; x_wconf 86' lang='lat' dir='ltr'><strong>posse</strong></span> <span class='ocrx_word' id='word_1_102' title='bbox 1290 1282 1477 1338; x_wconf 82' lang='lat' dir='ltr'><strong>versari,</strong></span> <span class='ocrx_word' id='word_1_103' title='bbox 1515 1281 1600 1325; x_wconf 88' lang='lat' dir='ltr'><strong>nisi</strong></span> <span class='ocrx_word' id='word_1_104' title='bbox 1632 1281 1669 1325; x_wconf 88' lang='lat' dir='ltr'><strong>si</strong></span> 
     </span>
     <span class='ocr_line' id='line_1_16' title="bbox 278 1358 1669 1418; baseline -0.001 -13"><span class='ocrx_word' id='word_1_105' title='bbox 278 1362 326 1405; x_wconf 90' lang='lat' dir='ltr'><strong>in</strong></span> <span class='ocrx_word' id='word_1_106' title='bbox 356 1361 433 1404; x_wconf 90' lang='grc'><strong>1113</strong></span> <span class='ocrx_word' id='word_1_107' title='bbox 464 1360 674 1416; x_wconf 81' lang='lat' dir='ltr'><strong>doctrina,</strong></span> <span class='ocrx_word' id='word_1_108' title='bbox 707 1372 817 1416; x_wconf 85' lang='lat' dir='ltr'><strong>quae</strong></span> <span class='ocrx_word' id='word_1_109' title='bbox 848 1360 906 1403; x_wconf 88' lang='lat' dir='ltr'><strong>sit</strong></span> <span class='ocrx_word' id='word_1_110' title='bbox 936 1360 989 1404; x_wconf 91' lang='lat' dir='ltr'><strong>de</strong></span> <span class='ocrx_word' id='word_1_111' title='bbox 1020 1371 1191 1405; x_wconf 85' lang='lat' dir='ltr'><strong>morum</strong></span> <span class='ocrx_word' id='word_1_112' title='bbox 1221 1359 1558 1418; x_wconf 88' lang='lat' dir='ltr'><strong>proprietatibus</strong></span> <span class='ocrx_word' id='word_1_113' title='bbox 1590 1358 1669 1414; x_wconf 88' lang='lat' dir='ltr'><strong>(sic</strong></span> 
     </span>
     <span class='ocr_line' id='line_1_17' title="bbox 277 1437 1669 1491; baseline -0.001 -8"><span class='ocrx_word' id='word_1_114' title='bbox 277 1440 407 1484; x_wconf 86' lang='lat' dir='ltr'><strong>liceat</strong></span> <span class='ocrx_word' id='word_1_115' title='bbox 445 1438 709 1491; x_wconf 85' lang='lat' dir='ltr'><strong>Quintiliano</strong></span> <span class='ocrx_word' id='word_1_116' title='bbox 749 1441 924 1482; x_wconf 86' lang='lat' dir='ltr'><strong>auctore</strong></span> <span class='ocrx_word' id='word_1_117' title='bbox 962 1438 1142 1483; x_wconf 87' lang='lat' dir='ltr'><strong>reddere</strong></span> <span class='ocrx_word' id='word_1_118' title='bbox 1173 1437 1386 1482; x_wconf 85' lang='lat' dir='ltr'><strong>Graecum</strong></span> <span class='ocrx_word' id='word_1_119' title='bbox 1416 1437 1669 1482; x_wconf 86' lang='lat' dir='ltr'><strong>vocabulum</strong></span> 
     </span>
     <span class='ocr_line' id='line_1_18' title="bbox 277 1514 1668 1576; baseline -0.001 -14"><span class='ocrx_word' id='word_1_120' title='bbox 277 1517 384 1576; x_wconf 76' lang='grc' dir='ltr'><strong>ἤθη,</strong></span> <span class='ocrx_word' id='word_1_121' title='bbox 417 1517 538 1562; x_wconf 89' lang='lat' dir='ltr'><strong>cuius</strong></span> <span class='ocrx_word' id='word_1_122' title='bbox 560 1516 734 1561; x_wconf 91' lang='lat' dir='ltr'><strong>nomine</strong></span> <span class='ocrx_word' id='word_1_123' title='bbox 758 1517 877 1561; x_wconf 88' lang='lat' dir='ltr'><strong>caret</strong></span> <span class='ocrx_word' id='word_1_124' title='bbox 897 1529 1038 1561; x_wconf 90' lang='lat' dir='ltr'><strong>sermo</strong></span> <span class='ocrx_word' id='word_1_125' title='bbox 1059 1514 1266 1574; x_wconf 78' lang='lat' dir='ltr'><strong>Latinus„</strong></span> <span class='ocrx_word' id='word_1_126' title='bbox 1277 1530 1317 1560; x_wconf 86' lang='lat' dir='ltr'><strong>v.</strong></span> <span class='ocrx_word' id='word_1_127' title='bbox 1335 1514 1511 1569; x_wconf 86' lang='lat' dir='ltr'><strong>Quintil.</strong></span> <span class='ocrx_word' id='word_1_128' title='bbox 1528 1514 1668 1560; x_wconf 89' lang='lat' dir='ltr'><strong>Instit.</strong></span> 
     </span>
     <span class='ocr_line' id='line_1_19' title="bbox 281 1595 1668 1652; baseline -0.001 -12"><span class='ocrx_word' id='word_1_129' title='bbox 281 1596 401 1640; x_wconf 83' lang='lat' dir='ltr'><strong>Orat.</strong></span> <span class='ocrx_word' id='word_1_130' title='bbox 418 1596 493 1652; x_wconf 89' lang='lat' dir='ltr'><strong>VI,</strong></span> <span class='ocrx_word' id='word_1_131' title='bbox 517 1598 561 1652; x_wconf 82' lang='lat'><strong>2,</strong></span> <span class='ocrx_word' id='word_1_132' title='bbox 587 1596 773 1652; x_wconf 84' lang='lat'><strong>8.—9.),</strong></span> <span class='ocrx_word' id='word_1_133' title='bbox 805 1596 858 1639; x_wconf 90' lang='lat' dir='ltr'><strong>de</strong></span> <span class='ocrx_word' id='word_1_134' title='bbox 888 1596 1138 1652; x_wconf 83' lang='lat' dir='ltr'><strong>virtutibus,</strong></span> <span class='ocrx_word' id='word_1_135' title='bbox 1170 1595 1223 1639; x_wconf 90' lang='lat' dir='ltr'><strong>de</strong></span> <span class='ocrx_word' id='word_1_136' title='bbox 1254 1595 1387 1639; x_wconf 82' lang='lat' dir='ltr'><strong>animi</strong></span> <span class='ocrx_word' id='word_1_137' title='bbox 1419 1596 1668 1640; x_wconf 91' lang='lat' dir='ltr'><strong>commotio-</strong></span> 
     </span>
     <span class='ocr_line' id='line_1_20' title="bbox 279 1674 1670 1732; baseline 0 -14"><span class='ocrx_word' id='word_1_138' title='bbox 279 1674 429 1731; x_wconf 84' lang='lat' dir='ltr'><strong>nibus,</strong></span> <span class='ocrx_word' id='word_1_139' title='bbox 472 1674 579 1718; x_wconf 91' lang='lat' dir='ltr'><strong>bene</strong></span> <span class='ocrx_word' id='word_1_140' title='bbox 611 1674 669 1718; x_wconf 91' lang='lat' dir='ltr'><strong>sit</strong></span> <span class='ocrx_word' id='word_1_141' title='bbox 700 1677 918 1731; x_wconf 86' lang='lat' dir='ltr'><strong>versatus,</strong></span> <span class='ocrx_word' id='word_1_142' title='bbox 957 1676 1237 1731; x_wconf 89' lang='lat' dir='ltr'><strong>motuumque</strong></span> <span class='ocrx_word' id='word_1_143' title='bbox 1269 1674 1371 1732; x_wconf 92' lang='lat' dir='ltr'><strong>quid</strong></span> <span class='ocrx_word' id='word_1_144' title='bbox 1403 1674 1582 1732; x_wconf 88' lang='lat' dir='ltr'><strong>quisque</strong></span> <span class='ocrx_word' id='word_1_145' title='bbox 1613 1674 1670 1719; x_wconf 89' lang='lat' dir='ltr'><strong>sit</strong></span> 
     </span>
     <span class='ocr_line' id='line_1_21' title="bbox 280 1752 1668 1809; baseline -0.001 -12"><span class='ocrx_word' id='word_1_146' title='bbox 280 1757 324 1798; x_wconf 93' lang='lat' dir='ltr'><strong>et</strong></span> <span class='ocrx_word' id='word_1_147' title='bbox 355 1753 510 1809; x_wconf 90' lang='lat' dir='ltr'><strong>quibus</strong></span> <span class='ocrx_word' id='word_1_148' title='bbox 543 1766 597 1796; x_wconf 83' lang='lat' dir='ltr'><strong>ex</strong></span> <span class='ocrx_word' id='word_1_149' title='bbox 629 1753 769 1796; x_wconf 88' lang='lat' dir='ltr'><strong>causis</strong></span> <span class='ocrx_word' id='word_1_150' title='bbox 802 1753 966 1796; x_wconf 86' lang='lat' dir='ltr'><strong>oriatur</strong></span> <span class='ocrx_word' id='word_1_151' title='bbox 996 1756 1040 1797; x_wconf 91' lang='lat' dir='ltr'><strong>et</strong></span> <span class='ocrx_word' id='word_1_152' title='bbox 1071 1752 1282 1809; x_wconf 91' lang='lat' dir='ltr'><strong>quomodo</strong></span> <span class='ocrx_word' id='word_1_153' title='bbox 1314 1753 1539 1809; x_wconf 83' lang='lat' dir='ltr'><strong>excitetur,</strong></span> <span class='ocrx_word' id='word_1_154' title='bbox 1571 1752 1668 1796; x_wconf 92' lang='lat' dir='ltr'><strong>dili-</strong></span> 
     </span>
     <span class='ocr_line' id='line_1_22' title="bbox 281 1830 1667 1890; baseline 0 -14"><span class='ocrx_word' id='word_1_155' title='bbox 281 1835 433 1888; x_wconf 88' lang='lat' dir='ltr'><strong>genter</strong></span> <span class='ocrx_word' id='word_1_156' title='bbox 448 1830 606 1875; x_wconf 86' lang='lat' dir='ltr'><strong>habeat</strong></span> <span class='ocrx_word' id='word_1_157' title='bbox 621 1830 894 1889; x_wconf 84' lang='lat' dir='ltr'><strong>exploratum</strong></span> <span class='ocrx_word' id='word_1_158' title='bbox 909 1831 1193 1890; x_wconf 87' lang='lat' dir='ltr'><strong>paenitusque</strong></span> <span class='ocrx_word' id='word_1_159' title='bbox 1208 1834 1495 1890; x_wconf 90' lang='lat' dir='ltr'><strong>perspectum.</strong></span> <span class='ocrx_word' id='word_1_160' title='bbox 1517 1830 1569 1876; x_wconf 90' lang='lat' dir='ltr'><strong>V.</strong></span> <span class='ocrx_word' id='word_1_161' title='bbox 1579 1830 1614 1889; x_wconf 92' lang='lat' dir='ltr'><strong>I,</strong></span> <span class='ocrx_word' id='word_1_162' title='bbox 1625 1832 1667 1877; x_wconf 84' lang='lat'><strong>2.</strong></span> 
     </span>
     <span class='ocr_line' id='line_1_23' title="bbox 279 1908 1672 1969; baseline 0.001 -16"><span class='ocrx_word' id='word_1_163' title='bbox 279 1923 325 1968; x_wconf 91' lang='lat' dir='ltr'><strong>p.</strong></span> <span class='ocrx_word' id='word_1_164' title='bbox 351 1910 509 1954; x_wconf 84' lang='lat' dir='ltr'><strong>1356a</strong></span> <span class='ocrx_word' id='word_1_165' title='bbox 539 1911 611 1954; x_wconf 83' lang='lat'><strong>21.</strong></span> <span class='ocrx_word' id='word_1_166' title='bbox 645 1910 740 1953; x_wconf 70' lang='grc' dir='ltr'><strong>ἐπεὶ</strong></span> <span class='ocrx_word' id='word_1_167' title='bbox 771 1908 817 1952; x_wconf 76' lang='grc' dir='ltr'><strong>δ’</strong></span> <span class='ocrx_word' id='word_1_168' title='bbox 847 1908 895 1952; x_wconf 75' lang='grc' dir='ltr'><strong>αἱ</strong></span> <span class='ocrx_word' id='word_1_169' title='bbox 925 1912 1088 1961; x_wconf 69' lang='grc' dir='ltr'><strong><em>πίστεις</em></strong></span> <span class='ocrx_word' id='word_1_170' title='bbox 1119 1908 1193 1954; x_wconf 70' lang='grc' dir='ltr'><strong>διὰ</strong></span> <span class='ocrx_word' id='word_1_171' title='bbox 1227 1911 1392 1954; x_wconf 83' lang='grc' dir='ltr'><strong><em>τούτων</em></strong></span> <span class='ocrx_word' id='word_1_172' title='bbox 1422 1912 1504 1954; x_wconf 70' lang='grc' dir='ltr'><strong>εἶσί</strong></span> <span class='ocrx_word' id='word_1_173' title='bbox 1534 1910 1610 1966; x_wconf 82' lang='lat' dir='ltr'><strong>(sc.</strong></span> <span class='ocrx_word' id='word_1_174' title='bbox 1641 1908 1672 1969; x_wconf 78' lang='grc' dir='ltr'><em>ἢ</em></span> 
     </span>
     <span class='ocr_line' id='line_1_24' title="bbox 283 1986 1666 2048; baseline 0.001 -17"><span class='ocrx_word' id='word_1_175' title='bbox 283 1986 357 2032; x_wconf 79' lang='grc' dir='ltr'><strong>διὰ</strong></span> <span class='ocrx_word' id='word_1_176' title='bbox 390 1989 469 2033; x_wconf 82' lang='grc' dir='ltr'><strong>τοῦ</strong></span> <span class='ocrx_word' id='word_1_177' title='bbox 504 1986 730 2033; x_wconf 82' lang='grc' dir='ltr'><strong><em>δεικνύναι</em></strong></span> <span class='ocrx_word' id='word_1_178' title='bbox 760 1990 787 2047; x_wconf 86' lang='grc' dir='ltr'><em>ἢ</em></span> <span class='ocrx_word' id='word_1_179' title='bbox 820 1986 897 2032; x_wconf 71' lang='grc' dir='ltr'><strong>διὰ</strong></span> <span class='ocrx_word' id='word_1_180' title='bbox 929 1989 1008 2034; x_wconf 83' lang='grc' dir='ltr'><strong>τοῦ</strong></span> <span class='ocrx_word' id='word_1_181' title='bbox 1039 1989 1180 2048; x_wconf 78' lang='grc' dir='ltr'><strong><em>ἤθους</em></strong></span> <span class='ocrx_word' id='word_1_182' title='bbox 1211 1990 1289 2034; x_wconf 84' lang='grc' dir='ltr'><strong>τοῦ</strong></span> <span class='ocrx_word' id='word_1_183' title='bbox 1321 1988 1523 2045; x_wconf 78' lang='grc' dir='ltr'><strong><em>λέγοντος</em></strong></span> <span class='ocrx_word' id='word_1_184' title='bbox 1542 1990 1570 2047; x_wconf 85' lang='grc' dir='ltr'><em>ἢ</em></span> <span class='ocrx_word' id='word_1_185' title='bbox 1591 1987 1666 2033; x_wconf 73' lang='grc' dir='ltr'><strong>διὰ</strong></span> 
     </span>
     <span class='ocr_line' id='line_1_25' title="bbox 283 2065 1670 2127; baseline 0.001 -16"><span class='ocrx_word' id='word_1_186' title='bbox 283 2067 362 2111; x_wconf 84' lang='grc' dir='ltr'><strong>τοῦ</strong></span> <span class='ocrx_word' id='word_1_187' title='bbox 401 2065 480 2111; x_wconf 75' lang='grc' dir='ltr'><strong>τὸν</strong></span> <span class='ocrx_word' id='word_1_188' title='bbox 520 2065 741 2125; x_wconf 74' lang='grc' dir='ltr'><strong><em>ἀκροατὴν</em></strong></span> <span class='ocrx_word' id='word_1_189' title='bbox 772 2068 1006 2112; x_wconf 73' lang='grc' dir='ltr'><strong><em>διαθεῖναί</em></strong></span> <span class='ocrx_word' id='word_1_190' title='bbox 1034 2068 1167 2124; x_wconf 80' lang='grc' dir='ltr'>πως),</span> <span class='ocrx_word' id='word_1_191' title='bbox 1207 2065 1407 2127; x_wconf 80' lang='grc' dir='ltr'><strong><em>φανερὸν</em></strong></span> <span class='ocrx_word' id='word_1_192' title='bbox 1436 2068 1502 2113; x_wconf 84' lang='grc' dir='ltr'><strong>ὅτι</strong></span> <span class='ocrx_word' id='word_1_193' title='bbox 1532 2069 1670 2113; x_wconf 76' lang='grc' dir='ltr'><strong><em>ταῦτα</em></strong></span> 
     </span>
     <span class='ocr_line' id='line_1_26' title="bbox 283 2128 1670 2205; baseline 0.001 -16"><span class='ocrx_word' id='word_1_194' title='bbox 283 2143 338 2189; x_wconf 76' lang='grc' dir='ltr'><strong>τὰ</strong></span> <span class='ocrx_word' id='word_1_195' title='bbox 377 2148 477 2203; x_wconf 71' lang='grc' dir='ltr'><strong><em>τρία</em></strong></span> <span class='ocrx_word' id='word_1_196' title='bbox 516 2146 604 2190; x_wconf 74' lang='grc' dir='ltr'><strong>ἐστὶ</strong></span> <span class='ocrx_word' id='word_1_197' title='bbox 641 2146 794 2202; x_wconf 73' lang='grc' dir='ltr'><strong><em>λαβεῖν</em></strong></span> <span class='ocrx_word' id='word_1_198' title='bbox 824 2148 903 2192; x_wconf 83' lang='grc' dir='ltr'><strong>τοῦ</strong></span> <span class='ocrx_word' id='word_1_199' title='bbox 935 2146 1285 2202; x_wconf 76' lang='grc' dir='ltr'><strong><em>συλλογίσασθαι</em></strong></span> <span class='ocrx_word' id='word_1_200' title='bbox 1316 2128 1565 2205; x_wconf 56' lang='grc' dir='ltr'><strong><em>δυναμένοι)</em></strong></span> <span class='ocrx_word' id='word_1_201' title='bbox 1596 2151 1670 2192; x_wconf 75' lang='grc' dir='ltr'><strong>καὶ</strong></span> 
     </span>
     <span class='ocr_line' id='line_1_27' title="bbox 284 2223 1670 2284; baseline 0.003 -18"><span class='ocrx_word' id='word_1_202' title='bbox 284 2227 361 2269; x_wconf 80' lang='grc' dir='ltr'><strong>τοῦ</strong></span> <span class='ocrx_word' id='word_1_203' title='bbox 401 2226 630 2281; x_wconf 81' lang='grc' dir='ltr'><strong><em>θεωρῆσαι</em></strong></span> <span class='ocrx_word' id='word_1_204' title='bbox 669 2229 768 2282; x_wconf 82' lang='grc' dir='ltr'><em>περὶ</em></span> <span class='ocrx_word' id='word_1_205' title='bbox 806 2223 861 2268; x_wconf 81' lang='grc' dir='ltr'><strong>τὰ</strong></span> <span class='ocrx_word' id='word_1_206' title='bbox 891 2225 984 2283; x_wconf 76' lang='grc' dir='ltr'><strong>ἢθη</strong></span> <span class='ocrx_word' id='word_1_207' title='bbox 1017 2229 1091 2269; x_wconf 77' lang='grc' dir='ltr'><strong>καὶ</strong></span> <span class='ocrx_word' id='word_1_208' title='bbox 1121 2224 1201 2278; x_wconf 73' lang='grc' dir='ltr'><em>τοὶς</em></span> <span class='ocrx_word' id='word_1_209' title='bbox 1232 2224 1390 2284; x_wconf 79' lang='grc' dir='ltr'><strong><em>α’ρετὰς</em></strong></span> <span class='ocrx_word' id='word_1_210' title='bbox 1420 2230 1496 2270; x_wconf 78' lang='grc' dir='ltr'><strong>καὶ</strong></span> <span class='ocrx_word' id='word_1_211' title='bbox 1524 2230 1670 2284; x_wconf 73' lang='grc' dir='ltr'><strong><em>τρίτον</em></strong></span> 
     </span>
     <span class='ocr_line' id='line_1_28' title="bbox 284 2301 1670 2360; baseline 0.003 -15"><span class='ocrx_word' id='word_1_212' title='bbox 284 2303 362 2346; x_wconf 80' lang='grc' dir='ltr'><strong>τοῦ</strong></span> <span class='ocrx_word' id='word_1_213' title='bbox 393 2306 493 2360; x_wconf 74' lang='grc' dir='ltr'><em>περὶ</em></span> <span class='ocrx_word' id='word_1_214' title='bbox 523 2301 577 2346; x_wconf 75' lang='grc' dir='ltr'><strong>τὰ</strong></span> <span class='ocrx_word' id='word_1_215' title='bbox 610 2302 761 2360; x_wconf 79' lang='grc' dir='ltr'><em>πάθη,</em></span> <span class='ocrx_word' id='word_1_216' title='bbox 799 2306 842 2347; x_wconf 80' lang='grc' dir='ltr'><strong>τί</strong></span> <span class='ocrx_word' id='word_1_217' title='bbox 869 2320 916 2347; x_wconf 82' lang='grc' dir='ltr'><strong>τε</strong></span> <span class='ocrx_word' id='word_1_218' title='bbox 947 2302 1131 2348; x_wconf 75' lang='grc' dir='ltr'><strong><em>ἕκαστόν</em></strong></span> <span class='ocrx_word' id='word_1_219' title='bbox 1160 2304 1251 2348; x_wconf 75' lang='grc' dir='ltr'><strong><em>ἔστι</em></strong></span> <span class='ocrx_word' id='word_1_220' title='bbox 1280 2306 1368 2349; x_wconf 78' lang='grc' dir='ltr'><strong>τῶν</strong></span> <span class='ocrx_word' id='word_1_221' title='bbox 1398 2306 1566 2349; x_wconf 75' lang='grc' dir='ltr'><strong><em>παθῶν</em></strong></span> <span class='ocrx_word' id='word_1_222' title='bbox 1596 2310 1670 2349; x_wconf 77' lang='grc' dir='ltr'><strong>καὶ</strong></span> 
     </span>
     <span class='ocr_line' id='line_1_29' title="bbox 286 2378 1668 2436; baseline 0.004 -13"><span class='ocrx_word' id='word_1_223' title='bbox 286 2378 418 2423; x_wconf 71' lang='grc' dir='ltr'><strong><em>ποτόν</em></strong></span> <span class='ocrx_word' id='word_1_224' title='bbox 455 2398 495 2425; x_wconf 84' lang='grc' dir='ltr'><strong>τι</strong></span> <span class='ocrx_word' id='word_1_225' title='bbox 534 2385 607 2424; x_wconf 84' lang='grc' dir='ltr'><strong>καὶ</strong></span> <span class='ocrx_word' id='word_1_226' title='bbox 646 2382 693 2424; x_wconf 70' lang='grc' dir='ltr'><strong>ἐκ</strong></span> <span class='ocrx_word' id='word_1_227' title='bbox 731 2383 863 2425; x_wconf 71' lang='grc' dir='ltr'><strong><em>τίνων</em></strong></span> <span class='ocrx_word' id='word_1_228' title='bbox 899 2382 1114 2436; x_wconf 72' lang='grc' dir='ltr'><strong><em>ἐγγίνεται</em></strong></span> <span class='ocrx_word' id='word_1_229' title='bbox 1147 2386 1222 2426; x_wconf 74' lang='grc' dir='ltr'><strong>καὶ</strong></span> <span class='ocrx_word' id='word_1_230' title='bbox 1252 2384 1356 2433; x_wconf 75' lang='grc' dir='ltr'><strong><em>πῶς.</em></strong></span> <span class='ocrx_word' id='word_1_231' title='bbox 1416 2383 1488 2426; x_wconf 90' lang='lat' dir='ltr'><strong>Ad</strong></span> <span class='ocrx_word' id='word_1_232' title='bbox 1519 2396 1668 2428; x_wconf 87' lang='lat' dir='ltr'><strong>sensus</strong></span> 
     </span>
     <span class='ocr_line' id='line_1_30' title="bbox 285 2459 1668 2519; baseline 0.004 -18"><span class='ocrx_word' id='word_1_233' title='bbox 285 2460 433 2502; x_wconf 85' lang='lat' dir='ltr'><strong>autem</strong></span> <span class='ocrx_word' id='word_1_234' title='bbox 473 2459 713 2503; x_wconf 84' lang='lat' dir='ltr'><strong>animorum</strong></span> <span class='ocrx_word' id='word_1_235' title='bbox 752 2472 850 2503; x_wconf 89' lang='lat' dir='ltr'><strong>cum</strong></span> <span class='ocrx_word' id='word_1_236' title='bbox 888 2459 1040 2505; x_wconf 87' lang='lat' dir='ltr'><strong>doceat</strong></span> <span class='ocrx_word' id='word_1_237' title='bbox 1078 2474 1185 2519; x_wconf 85' lang='lat' dir='ltr'><strong>opus</strong></span> <span class='ocrx_word' id='word_1_238' title='bbox 1217 2474 1310 2505; x_wconf 89' lang='lat' dir='ltr'><strong>esse</strong></span> <span class='ocrx_word' id='word_1_239' title='bbox 1341 2460 1542 2507; x_wconf 83' lang='lat' dir='ltr'><strong>adhibere</strong></span> <span class='ocrx_word' id='word_1_240' title='bbox 1572 2475 1668 2507; x_wconf 85' lang='lat' dir='ltr'><strong>ora-</strong></span> 
     </span>
     <span class='ocr_line' id='line_1_31' title="bbox 284 2536 1669 2599; baseline 0.004 -18"><span class='ocrx_word' id='word_1_241' title='bbox 284 2536 464 2595; x_wconf 88' lang='lat' dir='ltr'><strong>tionem,</strong></span> <span class='ocrx_word' id='word_1_242' title='bbox 498 2539 703 2596; x_wconf 88' lang='lat' dir='ltr'><strong>sequitur,</strong></span> <span class='ocrx_word' id='word_1_243' title='bbox 734 2542 784 2583; x_wconf 91' lang='lat' dir='ltr'><strong>ut</strong></span> <span class='ocrx_word' id='word_1_244' title='bbox 805 2540 1011 2598; x_wconf 89' lang='lat' dir='ltr'><strong>omnium,</strong></span> <span class='ocrx_word' id='word_1_245' title='bbox 1043 2554 1149 2598; x_wconf 88' lang='lat' dir='ltr'><strong>quas</strong></span> <span class='ocrx_word' id='word_1_246' title='bbox 1170 2540 1240 2586; x_wconf 91' lang='lat' dir='ltr'><strong>hic</strong></span> <span class='ocrx_word' id='word_1_247' title='bbox 1260 2545 1495 2599; x_wconf 85' lang='lat' dir='ltr'><strong>enumerat,</strong></span> <span class='ocrx_word' id='word_1_248' title='bbox 1523 2555 1669 2587; x_wconf 90' lang='lat' dir='ltr'><strong>rerum</strong></span> 
     </span>
     <span class='ocr_line' id='line_1_32' title="bbox 286 2616 1669 2673; baseline 0.004 -11"><span class='ocrx_word' id='word_1_249' title='bbox 286 2617 574 2673; x_wconf 84' lang='lat' dir='ltr'><strong>cognitionem</strong></span> <span class='ocrx_word' id='word_1_250' title='bbox 621 2618 676 2661; x_wconf 84' lang='lat' dir='ltr'><strong>ad</strong></span> <span class='ocrx_word' id='word_1_251' title='bbox 714 2616 973 2665; x_wconf 84' lang='lat' dir='ltr'><strong>rhetoricam</strong></span> <span class='ocrx_word' id='word_1_252' title='bbox 1010 2620 1082 2666; x_wconf 85' lang='lat' dir='ltr'><strong>via</strong></span> <span class='ocrx_word' id='word_1_253' title='bbox 1120 2623 1163 2665; x_wconf 91' lang='lat' dir='ltr'><strong>et</strong></span> <span class='ocrx_word' id='word_1_254' title='bbox 1200 2620 1366 2665; x_wconf 86' lang='lat' dir='ltr'><strong>ratione</strong></span> <span class='ocrx_word' id='word_1_255' title='bbox 1400 2621 1669 2667; x_wconf 83' lang='lat' dir='ltr'><strong>tractandam</strong></span> 
     </span>
    </p>
   </div>
  </div>
 </body>
</html>
