1799 3119
760 235 814 279 51

100 355 210 403 sarie
247 353 294 397 in
331 351 412 398 hac
442 355 535 398 arte
566 365 700 411 paene
730 354 837 410 nihil
866 356 1009 413 potest
1039 353 1337 400 demonstrari.
1393 353 1482 399 Ac-

100 434 226 488 cedit,
258 431 371 487 quod
403 441 532 488 saepe
561 433 729 489 accidit,
759 436 809 477 ιιι
838 433 1027 490 aliquam
1051 433 1365 490 permotionem
1386 433 1479 476 ani-

100 522 267 559 morum
298 519 377 557 sua
407 512 560 567 sponte
590 510 675 569 ipsi
706 509 886 557 afferant
916 511 970 556 ad
1000 525 1175 557 causam
1201 510 1364 555 iudices
1385 524 1481 555 ora-

100 591 203 636 toris
224 588 414 636 consiliis
435 592 510 632 aut
528 590 670 633 minus
691 601 942 647 prosperam
963 594 1038 633 aut
1057 590 1185 648 plane
1205 589 1482 634 contrariam.

101 668 220 723 Quod
251 680 350 714 cum
380 666 445 712 ita
472 666 625 725 fuerit,
666 667 768 717 solis
799 669 1063 725 argumentis
1076 702 1090 726 ,
1131 668 1328 726 quamvis
1357 667 1483 712 firma

101 749 185 792 sint
211 758 266 791 -ac
297 745 467 801 gravia,
503 745 638 790 nullo,
654 751 779 803 pacto
811 760 884 792 eos
916 750 1083 803 orator,
1120 759 1202 803 quo
1233 747 1371 803 volet,
1402 759 1482 804 po-

100 824 201 871 terit
225 822 462 871 deducere.
523 823 641 869 Haec
681 825 785 871 satis
827 824 1003 881 docent,
1041 827 1092 868 ut
1120 838 1189 869 res
1219 825 1327 870 bene
1359 824 1484 869 cedat

101 902 278 960 dicenti,
315 915 489 950 necesse
521 914 614 947 esse
646 916 744 948 eum
775 916 860 948 non
891 902 1017 948 modo
1049 903 1238 947 rationes
1270 903 1325 946 ad
1355 901 1485 946 fidem

100 981 337 1026 faciendam
376 982 551 1026 idoneas
590 982 811 1038 colligere,
852 983 926 1026 sed
958 985 1048 1026 toto
1080 982 1225 1025 animo
1257 980 1485 1037 studioque

100 1060 214 1105 omni
250 1047 304 1103 in*
327 1059 374 1103 id
406 1073 572 1118 quoque
601 1060 870 1119 incumbere,
909 1064 958 1105 ut
989 1064 1033 1105 et
1063 1059 1260 1105 conciliet
1291 1059 1373 1105 sibi
1405 1058 1483 1103 ho-

98 1139 234 1182 mines
272 1142 316 1182 et
346 1139 510 1183 animos
542 1152 689 1183 eorum
722 1140 797 1196 sic,
828 1143 877 1183 ιιι
909 1153 1076 1196 quaque
1106 1140 1153 1182 in
1184 1152 1313 1183 causa
1344 1138 1482 1195 ipsius

99 1216 247 1262 tulerit
277 1216 456 1276 utilitas,
488 1220 658 1264 moveat
688 1218 981 1276 concitetque..
1014 1217 1163 1275 Neque
1184 1217 1229 1263 id
1249 1217 1361 1274 fugit
1379 1216 1482 1262 Ari-

99 1296 313 1350 stotelem3
361 1297 485 1341 docet
532 1297 646 1340 enim
691 1297 773 1340 hoc
816 1297 960 1353 ipsum
1004 1297 1128 1339 initio
1167 1296 1344 1339 alterius
1382 1296 1485 1339 libri

99 1374 158 1433 (p.
184 1375 337 1420 1377b
361 1374 472 1430 21.):
502 1373 616 1419 Ἐπεὶ
648 1372 693 1418 δ’
714 1377 841 1419 ἕνεκα
872 1375 1050 1432 κρίσεώς
1080 1374 1196 1418 ἐστιν
1218 1371 1242 1432 ἢ
1265 1373 1484 1433 ῥητορική,

96 1451 264 1510 ἀνάγκη
295 1456 354 1510 μὴ
384 1453 524 1509 μόνον
550 1451 657 1509 πρὸς
677 1452 756 1497 τὸν
777 1451 911 1506 λόγον
933 1450 1054 1509 ὁρᾶν,
1087 1452 1206 1503 ὅπως
1227 1448 1482 1496 ἀποδεικτι-

96 1528 170 1582 κὰς
207 1530 328 1574 ἔσται
368 1534 442 1575 καὶ
479 1532 649 1593 πιστός,
687 1529 805 1573 ἀλλὰ
845 1535 918 1573 καὶ
951 1529 1085 1575 αὑτὸν
1117 1528 1247 1574 ποιόν
1278 1547 1377 1574 τινα
1409 1534 1484 1574 καὶ

96 1607 172 1654 τὸν
211 1606 360 1667 κριτὴν
400 1608 745 1660 κατασκευάζειν.
801 1607 1068 1667 Quamquam
1103 1609 1236 1666 igitur
1266 1622 1345 1668 pro
1376 1609 1484 1653 vitio

97 1687 225 1733 habet
255 1689 421 1732 animos
454 1688 719 1732 audientium
750 1689 929 1732 tractari
961 1689 1169 1745 oratione,
1201 1691 1347 1732 tamen
1369 1688 1483 1732 eius—

96 1766 212 1812 modi
253 1766 334 1812 hoc
373 1779 465 1812 esse
496 1766 651 1811 vitium
690 1766 773 1811 sibi
810 1766 1050 1825 persuasit,
1089 1770 1139 1811 ut
1175 1766 1270 1811 tolli
1311 1781 1366 1812 ex
1401 1766 1482 1812 hac

97 1849 188 1889 arte
218 1846 263 1889 in
296 1845 512 1890 communi
540 1846 655 1889 vitae
687 1845 992 1890 consuetudine
1022 1845 1140 1889 nullo
1171 1845 1298 1888 modo
1330 1844 1480 1902 possit.

96 1922 244 1981 Itaque
275 1938 301 1968 a
322 1922 500 1969 Platone
531 1938 617 1968 non
649 1924 754 1968 adeo
787 1923 1000 1980 dissentit,
1031 1927 1094 1980 ut,
1128 1924 1239 1980 quod
1260 1924 1333 1969 ille
1354 1928 1484 1981 caput

97 2014 188 2046 csse
228 2002 411 2046 oratoris
451 2001 707 2057 arbitratur,
748 2002 842 2058 ipse
880 2000 1184 2045 removendum
1221 2001 1393 2045 omnino
1426 2001 1480 2045 ab

97 2083 187 2125 arte
218 2079 432 2126 rhetorica
463 2082 654 2134 censeat3
692 2082 821 2135 negat
851 2079 897 2123 id
929 2078 1082 2135 solum,
1112 2078 1282 2124 flectere
1314 2080 1480 2125 animos

96 2160 278 2204 oratoris
310 2172 403 2204 esse
434 2172 590 2203 munus
621 2158 916 2215 praecipuum,
947 2157 1090 2214 idque,
1120 2160 1170 2201 ut
1188 2171 1285 2202 mea
1306 2157 1480 2214 quidem

96 2236 179 2282 fert
210 2238 369 2296 opinio,
402 2237 565 2296 optimo
587 2237 694 2281 iure.
742 2236 852 2282 Nam
874 2236 1059 2281 dubitari
1079 2250 1165 2280 non
1186 2240 1342 2294 potest,
1375 2238 1481 2294 quin

97 2316 258 2373 oratio,
307 2316 476 2361 etiamsi
523 2316 578 2360 ad
626 2315 790 2360 animos
837 2314 1068 2359 movendos
1108 2329 1193 2359 non
1233 2315 1480 2374 descendat,

96 2397 240 2440 tamen
280 2399 323 2440 et
362 2400 557 2440 constare
595 2399 638 2439 et
677 2407 845 2439 summa
879 2394 1004 2438 laude
1036 2394 1164 2449 digna
1196 2408 1288 2438 esse
1319 2395 1478 2452 possit3

98 2474 288 2519 oratione
330 2477 472 2518 autem
505 2473 701 2519 omnibus
733 2472 994 2528 argumentis
1026 2475 1196 2517 carente
1228 2475 1403 2532 totaque
1433 2474 1478 2517 in

96 2553 280 2598 motibus
312 2553 553 2597 animorum
585 2551 900 2596 inflammandis
932 2555 1138 2609 occupata
1170 2552 1284 2597 haud
1314 2553 1399 2597 scio
1421 2564 1477 2596 an

95 2630 204 2677 nihil
240 2632 379 2691 possit
416 2632 596 2688 cogitari
631 2630 833 2689 ineptius.
887 2628 1174 2690 Praecipuum
1205 2634 1347 2677 autem
1378 2642 1475 2675 ora-

1183 2707 1243 2745 43}
