1799 3119
909 198 962 243 31

249 319 407 364 artium
437 319 613 376 habeat,
645 318 719 363 sed
752 331 896 364 carum
930 318 1208 378 usurpatione
1239 331 1286 363 se
1318 317 1554 374 abstineat,
1585 318 1631 362 et

249 412 361 455 eum,
393 399 466 456 qui
498 397 691 444 consulto
723 398 778 442 ad
808 412 880 443 eas
911 398 1141 443 descendat
1171 400 1216 442 et
1236 397 1459 441 audientes
1478 396 1628 440 fallere

248 490 299 521 ac
336 477 532 536 decipere
574 476 766 534 studeat,
810 490 895 521 uno
937 477 1169 534 eodemque
1205 475 1379 521 nomine
1418 473 1628 533 appellari

247 562 522 614 oratoresque
568 555 804 614 (ῥήτορας)
843 557 1000 601 vocarit
1061 556 1199 600 Docet
1244 556 1401 611 igitur,
1448 553 1628 597 verbum

246 633 426 694 ῥήτορος
468 635 755 694 homonymon
799 648 894 680 esse
939 648 1076 693 neque
1123 634 1260 679 ullum
1299 637 1470 679 exstare
1509 631 1627 676 aliud

245 714 512 771 vocabulum,
544 714 657 772 quod
686 713 931 771 improbum
954 717 1167 758 oratorem
1190 712 1413 769 significet,
1443 712 1626 769 ideoque

246 792 392 837 eodem
428 792 503 837 illo
535 791 729 836 denotari
759 794 1002 848 utrumque.
1058 790 1152 835 Hoc
1182 794 1433 846 argumento
1465 804 1537 847 ea,
1578 791 1626 834 in

245 883 329 927 qua
360 869 548 914 diximus
568 868 791 913 Platonem
820 868 969 926 fuisse,
1002 868 1215 913 sententia
1244 867 1456 913 refellitur
1487 871 1530 912 et
1556 881 1625 912 re-

243 946 534 1005 darguiturw).

334 1026 589 1072 Aristoteles
626 1028 762 1071 totam
792 1024 1050 1072 rhetoricam
1079 1025 1203 1072 docet
1234 1025 1302 1084 (I,
1324 1027 1366 1071 3.
1398 1038 1442 1085 p.
1470 1025 1623 1071 1358b

242 1107 316 1151 20.
335 1106 443 1163 sqq.)
467 1106 513 1150 in
536 1105 673 1150 tribus
697 1106 870 1149 omnino
892 1106 1211 1163 quaestionibus
1233 1119 1326 1150 esse
1347 1109 1622 1163 occupatam;

242 1199 266 1229 e
304 1185 473 1242 quibus
497 1197 628 1228 unam
665 1197 758 1228 esse
796 1184 850 1228 de
886 1185 999 1228 iusto
1039 1188 1082 1229 et
1119 1185 1302 1241 iniusto,
1348 1184 1529 1229 alteram
1567 1184 1623 1228 de

242 1263 352 1307 bono
393 1266 437 1306 et
474 1262 587 1306 malo
628 1263 720 1307 sive
757 1262 810 1306 de
841 1261 939 1306 utili
970 1265 1014 1307 et
1041 1262 1306 1320 pernicioso,
1343 1262 1516 1307 tertiam
1548 1261 1622 1306 de·-

241 1341 371 1399 nique
412 1340 465 1386 de
504 1340 682 1386 honesto
722 1343 766 1387 et
803 1341 940 1400 turpi3
981 1340 1094 1386 circa
1132 1340 1226 1387 has·
1250 1354 1420 1387 omnem
1452 1354 1624 1399 semper

240 1420 351 1464 verti
397 1419 773 1477 disceptationem,
819 1432 1095 1477 quaecunque
1139 1432 1209 1464 res
1246 1419 1292 1463 in
1329 1419 1623 1464 controversia

239 1500 314 1542 aut
351 1497 397 1542 in
434 1497 703 1543 contentione
733 1501 946 1553 versetur3
984 1511 1330 1556 unumquemque
1370 1498 1485 1543 enim
1523 1512 1619 1543 ora-

238 1580 377 1622 torem
408 1577 454 1621 in
485 1590 535 1622 eo
566 1576 800 1633 elaborare,
830 1580 880 1621 ut
909 1577 970 1634 id,
1001 1577 1055 1621 de
1085 1590 1168 1635 quo
1199 1577 1329 1635 dicat,
1360 1579 1437 1621 aut
1457 1576 1621 1621 iustum

240 1660 315 1702 aut
352 1658 560 1701 iniustum
591 1648 666 1700 aut
696 1650 855 1701 bonum
886 1660 961 1700 aut
991 1657 1154 1701 malum
1185 1661 1259 1701 aut
1288 1657 1515 1701 honestum
1546 1660 1622 1701 aut

238 1738 365 1794 turpe
404 1749 498 1780 esse
532 1735 609 1792 iis,
648 1734 721 1792 qui
751 1734 951 1792 audiant,
988 1735 1258 1793 persuadeat.
1292 1758 1350 1765 -
1381 1733 1490 1779 Esse
1521 1748 1619 1779 ora-

237 1815 375 1859 tiones
417 1814 647 1871 quasdam,
686 1827 869 1871 quarum
906 1818 1207 1870 argumentum
1234 1814 1340 1858 iusti
1371 1814 1619 1871 quaestione

237 1893 519 1949 contineatur,
551 1905 644 1936 esse
665 1891 788 1948 aliaS,
818 1892 866 1936 in
886 1892 1040 1949 quibus
1061 1892 1225 1937 utilitas
1246 1895 1468 1949 tractetur,
1494 1891 1619 1936 Plato

238 1982 404 2028 quoque
442 1970 488 2014 in
517 1969 711 2014 Phaedro
752 1969 819 2027 (p.
849 1971 935 2014 261
950 1970 1143 2025 ct—D.)
1184 1969 1406 2026 significat.
1466 1969 1616 2026 Tertii,

237 2050 312 2108 qui
352 2050 512 2096 oratori
549 2048 794 2108 propositus
830 2062 923 2094 esse
953 2053 1118 2109 potest,
1156 2047 1276 2107 finis,
1313 2048 1389 2095 ubi
1418 2048 1524 2094 haec
1553 2048 1616 2093 le-

310 2210 355 2257 ¹⁰)
380 2211 483 2248 Haec
508 2214 611 2249 recte
634 2212 710 2249 iam
735 2211 911 2267 exposuit
927 2210 1150 2261 Spengelius
1165 2209 1260 2250 iiber
1275 2209 1502 2249 Aristoteles
1517 2207 1616 2251 Rhe-

234 2276 339 2315 torik
369 2287 408 2324 p.
426 2278 512 2315 460.
558 2277 638 2316 Sed
670 2278 802 2326 miror,
827 2289 914 2317 eum
939 2279 987 2318 de
1009 2280 1177 2317 Platonis
1201 2279 1268 2317 illa
1289 2279 1615 2326 argumentatione

234 2342 328 2380 haec
357 2344 577 2390 protulisse:
611 2345 763 2382 ‘Hierin
805 2344 901 2393 liegt
938 2346 1000 2382 ein
1038 2345 1306 2393 Hauptbeweis
1335 2343 1509 2394 Platone,
1548 2345 1616 2385 der

233 2408 430 2457 widerlegt
447 2411 598 2448 werden
616 2410 763 2458 musste,
788 2422 899 2448 wenn
924 2411 986 2449 die
1002 2412 1228 2459 Ffflgerung,
1253 2409 1339 2449 dass
1352 2411 1415 2450 die
1431 2413 1614 2452 Rhetorik

233 2474 346 2513 keine
377 2477 504 2514 Kunst
534 2478 606 2524 sei,
646 2478 753 2515 nicht
781 2477 956 2515 wirklich
987 2478 1154 2526 Geltung
1183 2478 1307 2515 haben
1336 2478 1469 2518 sollte!
1518 2481 1611 2519 Nam

233 2552 355 2588 neque
372 2542 480 2579 Plato
505 2553 550 2580 ex
576 2544 642 2581 illa
658 2545 803 2581 ratione
823 2544 1026 2592 concludit,
1052 2534 1275 2582 rhetoricam
1292 2557 1368 2585 non
1385 2558 1468 2586 esse
1483 2551 1611 2594 artem,

232 2618 356 2658 neque
379 2608 531 2647 omnino
555 2609 678 2658 video,
703 2609 891 2658 quomodo
916 2611 956 2648 id
981 2610 1104 2649 facere
1128 2611 1306 2658 potuerit.
