1799 3119
886 173 945 217 38

221 296 363 342 ordini
394 295 674 353 consuluisse,
707 295 782 354 qui
810 293 887 339 illa
917 293 1010 338 sola
1038 296 1268 351 praecepta
1298 293 1602 339 observaverit.

219 375 391 420 Oratori
421 376 467 418 in
498 387 548 419 eo
583 387 752 432 quoque
783 376 848 419 est
879 372 1201 429 elaborandum,
1231 374 1281 416 ut
1309 372 1357 416 in
1376 372 1484 430 ipsis
1506 385 1602 417 ora-

217 455 348 499 tionis
386 453 583 512 partibus
619 452 765 497 omnia
803 450 1036 497 secundum
1072 451 1284 497 rationem
1320 450 1408 495 sint
1437 450 1605 506 digesta

219 547 271 578 ac
310 531 560 588 distributa,
601 543 711 588 quae
750 531 900 576 eodem
929 529 1169 588 pertinent,
1208 529 1455 585 coniuncta,
1495 542 1604 586 quae

220 612 390 656 diversa
422 613 545 667 sunt,
585 610 798 666 seiuncta,
831 622 928 653 cum
960 607 1141 665 quadam
1173 608 1428 653 necessitate
1453 607 1606 667 'priora

217 690 362 747 priore
383 688 476 733 loco
499 688 719 744 collocata,
747 686 988 745 posteriora
1006 686 1053 730 in
1074 686 1357 744 posteriorem
1377 681 1604 741 reiecta¹’),

217 767 319 812 alia·
336 767 390 813 ab
422 767 518 812 aliis
549 779 677 824 nexa,
710 765 939 823 omniaque
968 764 1082 809 inter
1112 778 1160 810 se
1193 767 1296 823 apta
1326 767 1370 810 et
1388 763 1603 820 colligata.

217 846 277 891 Et
313 847 421 891 haec
460 846 633 904 quidem
674 848 741 890 est
777 845 938 901 logica,
977 847 1028 888 ut
1061 843 1138 888 illa
1175 844 1298 901 quasi
1336 843 1606 889 oeconomica

220 926 427 971 orationis
467 924 691 984 dispositio
699 920 768 981 ²⁸),
808 922 862 967 ad
894 923 1074 979 eamque
1104 922 1339 980 requiritur
1369 922 1603 968 dialectica.

194 1003 383 1048 ‘Verum
430 1004 532 1060 quia
578 1003 685 1047 haec
730 1004 869 1059 neque
915 1000 1000 1045 nisi
1046 1000 1093 1059 in
1131 1014 1181 1046 re
1219 1001 1362 1058 quasi
1387 1002 1606 1060 praesenti

216 1085 363 1141 potest
391 1081 608 1138 constitui,
641 1084 685 1125 et
713 1081 953 1125 rhetoricae
984 1092 1084 1124 cum
1115 1080 1329 1138 omnibus,
1361 1094 1470 1138 quae
1498 1081 1606 1139 'quid

216 1162 289 1205 via
321 1164 364 1205 et
393 1161 560 1205 ratione
592 1159 760 1217 docent,
792 1150 956 1204 artibus
978 1161 1045 1203 est
1064 1159 1317 1216 communis,
1347 1158 1606 1204 Aristoteles

220 1241 312 1285 eius
343 1241 485 1285 facere
516 1240 778 1284 mentionem
810 1238 984 1282 omnino
1016 1237 1183 1295 omisit,
1209 1238 1336 1296 quod
1366 1238 1509 1297 ipsum
1541 1241 1607 1284 est

217 1319 264 1363 in
293 1331 445 1375 causa,
485 1331 562 1363 cur
592 1317 708 1375 apud
740 1330 839 1361 eum
869 1318 1080 1373 nusquam
1110 1317 1403 1375 inveniamus,
1431 1317 1488 1362 ad
1517 1316 1605 1362 dis-

216 1397 437 1456 ponendas
468 1409 539 1440 res
571 1395 733 1450 oratori
765 1408 874 1452 opus
906 1408 999 1439 esse
1031 1394 1266 1440 dialectica.

307 1473 552 1520 Definiendi
598 1473 871 1530 facultatem,
917 1486 1047 1531 quam
1085 1472 1215 1518 Plato
1248 1472 1342 1518 vult
1381 1473 1523 1519 inesse
1559 1474 1606 1519 in

219 1558 412 1611 oratore,
445 1554 482 1598 si
514 1553 758 1610 quaeritur,
788 1554 895 1596 num
925 1552 1182 1597 Aristoteles
1213 1565 1380 1609 quoque
1410 1565 1606 1597 necessa-

218 1634 329 1678 riam
371 1631 707 1689 existimaverit,
744 1631 990 1689 fatendum,
1028 1631 1195 1676 nullum
1233 1631 1419 1676 inveniri
1448 1631 1606 1690 locum,-

218 1727 301 1771 quo
334 1712 414 1757 hoc
446 1711 605 1756 diserte
636 1711 689 1756 ab
723 1724 772 1755 eo
799 1710 962 1755 dictum
984 1711 1054 1755 sit.
1101 1710 1214 1756 Sane
1234 1710 1409 1769 quidem
1429 1711 1476 1756 in
1495 1711 1605 1757 libro

216 1793 359 1850 primo
391 1804 478 1835 non
506 1790 662 1846 solum,
695 1791 799 1847 quid
819 1790 978 1834 bonum
1001 1790 1072 1847 sit,
1105 1789 1207 1847 quid
1227 1790 1471 1848 pulchrum,
1489 1791 1606 1848 fquid

217 1870 372 1926 virtus⁷
405 1868 507 1926 quid
530 1868 724 1924 singulae
744 1868 943 1925 virtutes,
976 1868 1079 1926 quid
1098 1868 1239 1913 facere
1259 1869 1479 1928 iniuriam,
1503 1869 1607 1928 quid

217 1948 434 2005 accipere,
475 1949 525 1991 ut
557 1960 689 2005 supra
721 1946 1009 2004 ostendimus,
1051 1945 1223 2004 definit,
1263 1947 1341 1991 sed
1369 1948 1500 1992 etiam
1529 1962 1605 1993 ne-

217 2040 335 2070 cesse
369 2025 474 2069 dicit
505 2039 599 2070 esse
630 2026 683 2082 is,
716 2025 790 2083 qui
821 2028 895 2070 aut
919 2038 1120 2070 accusare
1145 2027 1220 2069 aut
1239 2024 1467 2070 defendere
1486 2026 1605 2084 velit,

219 2118 325 2162 quas
362 2104 642 2148 iureconsulti
680 2104 856 2148 tradant
886 2103 1154 2159 singulorum
1187 2103 1396 2149 scelerum
1428 2104 1604 2150 delicto-

217 2197 421 2241 rumque,
459 2183 579 2228 velut
607 2183 729 2240 furti,
761 2182 1060 2240 contumeliae,
1091 2182 1306 2241 adulterii,
1337 2183 1604 2231 definitiones

218 2266 361 2307 teneat
406 2262 684 2320 cognitaeque
732 2262 888 2307 habeat
935 2261 1000 2320 (I,
1028 2262 1098 2307 13.
1138 2277 1182 2322 p.
1216 2264 1374 2313 1374a
1408 2265 1447 2308 1.
1470 2265 1602 2323 sqq).

217 2342 279 2387 At
318 2357 418 2387 vero
458 2342 559 2387 illae
597 2354 686 2386 non
723 2341 809 2400 ipsi
847 2342 1007 2387 oratori
1047 2346 1147 2387 sunt
1185 2343 1605 2399 excogitandae2.‚>aut

292 2454 337 2499 ¹²)
371 2453 429 2491 Cf.
450 2454 545 2492 Plat.
567 2433 743 2493 Phaeer
754 2465 793 2501 p.
813 2454 940 2492 264B.
978 2457 1061 2492 ΣΩ.
1087 2460 1129 2492 o'v
1161 2452 1198 2492 δ’
1223 2457 1311 2505 ἔχεις
1339 2455 1418 2493 τινὰ
1443 2457 1604 2507 ἀνάγκην

215 2521 507 2570 λογογραφικήν,
531 2517 552 2571 ᾖ
576 2523 682 2559 ταῦτα
707 2524 841 2562 ἐκεῖνος
865 2520 972 2562 οὕτως
994 2523 1119 2570 ἐφεξῆς
1140 2522 1227 2573 παρ’
1244 2523 1378 2569 ἄλληλα
1401 2526 1549 2570 ἔθηκας

291 2587 336 2635 ¹²³)
364 2585 422 2625 Cf.
448 2586 604 2632 Quintil.
630 2588 757 2627 Instit.
782 2587 882 2626 Orat.
909 2587 993 2637 VII,
1020 2588 1078 2638 10,
1105 2587 1164 2627 11.
