1799 3119
738 204 870 250 ⁴21

154 326 271 375 aliud
310 334 402 373 esse
438 326 660 389 scientiam
693 324 989 386 (ἐπιστήμην),
1029 324 1145 372 aliud
1176 323 1305 371 fidem
1337 326 1535 383 (πίστιν);

154 419 254 451 nam
284 405 404 460 illam
436 405 608 463 quidem
640 418 809 464 semper
838 419 983 450 veram
1017 419 1133 462 esse,
1173 405 1284 449 hanc
1316 407 1360 449 et
1390 418 1535 449 veram

154 488 197 531 et
235 483 389 529 falsam
428 497 521 528 esse
559 496 706 541 posse;
754 485 901 541 quaeri
940 485 1095 541 igitur,
1136 487 1284 528 utrum
1323 483 1535 528 rhetorica

153 576 249 610 eam
286 562 608 621 persuasionem
648 560 825 620 efficiat,
865 576 919 607 ex
951 576 1035 620 qua
1064 562 1192 619 fides,
1233 575 1288 607 an
1320 575 1438 620 eam,
1481 575 1536 606 ex

153 655 238 700 qua
268 641 447 686 scientia
478 641 656 685 oriatur.
717 640 920 686 Concedit
950 641 1148 698 Gorgias,
1179 642 1392 686 rhetorica
1424 640 1535 685 effici

151 721 293 766 fidem.
335 718 426 765 Iam
448 718 646 765 Socrates
677 721 812 764 totam
834 719 944 764 hanc
964 719 1298 777 disputationem
1319 719 1535 765 concludit

151 799 269 844 hisce
293 799 433 843 verbis
465 797 534 855 (p.
553 796 752 852 455A.)=
795 796 907 842 Οὐδ’
938 795 1028 853 ἄρα
1061 795 1369 848 διδασκαλικὸς
1399 793 1423 841 ὅ
1454 797 1534 856 ῥή-

153 892 239 933 τωρ
279 876 368 920 ἐστὶ
400 876 689 934 δικαστηρίων
719 892 764 919 τε
794 879 868 919 καὶ
898 876 987 919 τῶν
1015 875 1164 919 ἄλλων
1194 875 1338 931 ὄχλων
1369 906 1512 918 .....
1515 907 1533 927 ,

152 952 268 1000 ἀλλὰ
303 951 533 1008 ammae)
564 954 716 1010 μόνον.
758 953 920 1006 Quibus
950 954 1088 1012 ipsius
1109 953 1301 998 Platonis
1325 953 1534 1013 explicari

151 1033 421 1090 sententiam,
452 1032 576 1077 facile
606 1033 707 1077 inde
736 1036 880 1091 potest
910 1034 1122 1090 cognosci,
1155 1033 1266 1090 quod
1295 1032 1532 1090 Socratem,

150 1113 270 1158 cuius
301 1125 486 1170 persona
516 1112 639 1168 solet,
672 1111 775 1169 quid
796 1112 890 1169 ipse
912 1112 1083 1169 sentiat,
1116 1111 1370 1168 significare,
1403 1125 1532 1167 argu-

148 1194 293 1237 mento
336 1191 479 1248 aliquo
520 1191 566 1236 id
604 1191 708 1236 facit
746 1191 1090 1246 confirmantem3
1134 1194 1234 1235 sunt
1273 1191 1388 1235 enim
1427 1190 1533 1235 haec

150 1270 338 1314 Socratis
368 1270 520 1327 verba,
552 1270 629 1327 iis,
662 1283 771 1327 quae
801 1269 1086 1326 laudavimus,
1120 1269 1306 1313 adiecta:
1350 1266 1415 1311 Οὐ
1444 1266 1531 1326 γὰρ

150 1336 294 1406 δήπὸυ
332 1348 466 1404 ὄχλον
503 1346 548 1402 γ’
579 1349 638 1393 ἄν
678 1349 860 1394 δύναιτο
898 1352 1106 1393 τοσοῦτον
1142 1348 1190 1392 ἐν
1221 1346 1354 1404 ὀλίγῳ
1385 1346 1531 1404 χρόνῳ

148 1424 332 1478 διδάξαι
372 1424 485 1470 οὕτω
520 1424 692 1481 μεγάλα
722 1427 973 1483 πράγματα.
1034 1424 1193 1469 Verum
1224 1424 1357 1468 nihilo
1390 1424 1529 1467 secius

148 1504 302 1561 aliquis
341 1503 393 1548 de
431 1503 512 1548 hac
550 1517 597 1548 re
627 1504 825 1549 videatur
855 1507 1019 1549 restare
1051 1503 1292 1562 scrupulus.
1354 1502 1528 1548 Etenim

146 1581 284 1640 Plato,
314 1581 359 1626 id
392 1581 504 1639 quod
535 1581 683 1638 fugere
714 1582 930 1627 neminem
961 1585 1118 1641 potest,
1151 1582 1224 1640 qui
1255 1582 1369 1626 hunc
1394 1581 1529 1627 dialo-

147 1675 249 1718 gum
279 1661 407 1720 paulo
430 1662 635 1706 attentius
657 1661 903 1719 perlegerit,
936 1663 1094 1718 omnia,
1126 1676 1235 1718 quae
1255 1663 1299 1705 in
1321 1662 1400 1706 hoc
1420 1662 1530 1706 libro

147 1740 199 1785 de
237 1740 451 1784 rhetorica
490 1740 704 1797 disputat,
743 1740 822 1786 hoc
851 1741 1040 1785 maxime
1072 1740 1247 1785 consilio
1278 1742 1529 1798 pertractat,

147 1823 195 1863 ut
225 1819 391 1877 aperiat
422 1821 464 1862 et
495 1818 707 1875 ostendat,
740 1820 842 1877 quid
870 1820 923 1864 de
944 1833 1148 1877 perversa
1167 1819 1243 1863 illa
1264 1822 1308 1863 et
1327 1822 1530 1876 corrupta

146 1901 238 1943 arte
269 1897 437 1942 dicendi
467 1897 641 1954 iudicet,
674 1912 783 1956 quae
802 1898 986 1943 Athenis
1019 1912 1069 1942 ea
1100 1901 1240 1942 aetate
1271 1911 1297 1941 a
1323 1897 1527 1955 sophistis

144 1977 416 2036 potissimum
446 1976 735 2022 factitabatur.
779 1976 872 2030 Qua
903 1977 955 2022 (16
987 1990 1115 2022 causa
1144 1977 1190 2021 111
1213 1976 1324 2023 hanc
1344 1976 1526 2022 fortasse

216 2151 246 2195 ⁵)
271 2149 364 2188 Jure
389 2148 658 2189 Stallbaumius
684 2154 815 2189 contra
840 2162 924 2199 eos,
950 2151 1015 2199 qui
1039 2161 1124 2189 cum
1150 2150 1295 2198 aliquot
1318 2150 1424 2188 libris
1448 2165 1525 2189 πει-

143 2218 258 2257 στικός
278 2216 440 2254 scribere
460 2217 681 2264 maluerunt,
701 2210 834 2256 vocem
853 2221 1006 2259 πισηκός
1025 2217 1205 2263 defendit,
1226 2220 1377 2263 propter
1397 2217 1526 2263 dispu-

142 2282 297 2321 tationis
321 2284 489 2320 tenorem
515 2292 598 2320 eam
626 2282 788 2330 flagitari
813 2286 916 2322 recte
941 2284 1123 2322 iudicans.
1160 2284 1328 2331 Namque
1352 2282 1524 2330 profecto

143 2350 236 2388 satis
260 2350 388 2396 inepte
413 2349 568 2388 fecisset
591 2350 718 2397 Plato,
748 2351 780 2388 si
805 2351 844 2387 in
869 2350 945 2389 fine
969 2352 1082 2389 huius
1106 2351 1304 2396 sermonis,
1329 2351 1397 2396 qui
1420 2354 1525 2388 totus

143 2426 188 2453 60
208 2416 381 2462 pertinet,
408 2418 462 2462 ut,
488 2419 613 2452 utrum
630 2416 893 2462 persuadendo
910 2417 1046 2454 doceat
1064 2428 1111 2454 an
1128 2415 1239 2452 fidem
1257 2414 1373 2453 faciat
1388 2420 1523 2464 orator,

141 2484 330 2530 appareat,
355 2492 449 2520 voce
473 2484 645 2523 πειστικός
668 2486 768 2521 esset
792 2494 901 2530 usus,
933 2495 1031 2531 quae
1063 2484 1173 2530 plane
1204 2483 1384 2530 eandem,
1410 2495 1521 2531 quam

141 2553 282 2586 πείθειν
306 2551 345 2585 et
367 2550 495 2591 πειθώ,
520 2548 636 2585 habet
658 2533 963 2595 ambiguitatem,
1004 2549 1177 2595 Accedit,
1202 2549 1306 2595 quod
1330 2550 1378 2586 de
1403 2549 1522 2586 forma

140 2613 317 2654 vocabuli
342 2624 417 2653 non
443 2617 501 2653 est
525 2614 627 2663 quod
651 2614 815 2654 dubites.
