1799 3119
925 181 984 223 24

356 302 426 346 De
460 300 599 346 officio
631 300 870 346 rhetoricae
896 298 1153 349 Aristoteles
1183 300 1288 345 haec
1317 298 1511 359 disputat
1541 300 1593 359 (I,
1614 300 1651 346 1.

264 395 309 440 p.
336 380 491 426 1355b
525 381 594 425 10.
618 379 751 438 sqq.):
802 377 1000 424 Officium
1032 377 1212 437 (ἔργον)
1245 379 1335 425 eius
1368 382 1456 437 est,
1497 380 1651 438 inquit,

264 474 352 505 non
383 459 666 518 persuadere,
705 458 780 501 sed
811 458 956 501 videre
989 458 1155 514 omnia,
1193 472 1301 515 quae
1332 472 1499 516 quaque
1530 460 1577 502 in
1607 471 1654 503 re

265 538 321 583 ad
351 537 698 597 persuadendum
732 537 822 582 sive
855 536 910 581 ad
939 535 1068 581 fidem
1099 536 1339 582 faciendam
1365 541 1465 583 sunt
1487 550 1654 582 accom-

264 617 453 671 modata,
480 629 589 672 quae
612 616 759 660 eadem
783 618 1023 659 ceterarum
1045 615 1204 659 artium
1226 617 1417 661 omnium
1439 619 1504 660 est
1523 616 1654 670 ratio3

264 708 366 738 nam
397 707 451 737 ne
484 694 722 738 medicinae
755 693 929 751 quidem
961 696 1028 737 est
1059 706 1210 737 sanum
1242 694 1404 751 facere,
1443 694 1539 751 sed,
1572 707 1654 751 quo

263 787 400 830 usque
446 772 541 816 fieri
582 776 748 831 potest,
798 786 847 816 eo
887 786 1023 829 usque
1061 773 1297 830 provehere
1335 786 1385 817 ac
1422 773 1655 830 perducere

265 851 592 909 (προαγαγεῖν);
624 850 726 896 licet
758 850 872 895 enim
904 850 1034 895 etiam
1066 864 1154 909 eos,
1188 851 1261 909 qui
1286 844 1513 896 sanitatem
1534 863 1656 906 recu-.-

265 944 419 987 perare
459 944 545 973 non
585 933 768 986 queunt,
807 933 953 973 tamen
990 930 1099 973 bene
1136 942 1299 973 curare.
1333 954 1390 960 —
1423 930 1540 981 Quae
1573 943 1655 985 quo

265 1008 359 1053 iure
392 1007 693 1065 disputaverit,
726 1007 840 1051 haud
873 1009 938 1051 est
963 1007 1204 1052 obscurum.
1246 1006 1380 1052 Plane
1401 1007 1514 1062 enim
1538 1007 1657 1052 simi-

263 1086 385 1142 liter,
434 1099 484 1130 ac
524 1086 716 1130 medicus
757 1089 936 1143 propter
975 1086 1116 1130 morbi
1156 1100 1326 1142 eorum,
1374 1101 1479 1143 quos
1520 1089 1657 1143 curat,

265 1165 538 1221 gravitatem,
570 1168 619 1209 ut
650 1164 794 1209 omnia
826 1164 1060 1208 secundum
1091 1165 1303 1209 rationem
1334 1165 1525 1221 artisque
1555 1178 1658 1209 suae

265 1246 499 1301 praecepta
528 1242 673 1299 faciat,
707 1255 1013 1300 saepenumero
1047 1256 1223 1301 operam
1253 1243 1415 1287 frustra
1445 1243 1658 1287 consumit

266 1334 346 1365 nec
378 1321 607 1365 sanitatem
641 1321 781 1377 aegris
803 1321 1032 1365 restituere
1053 1325 1209 1379 potest,
1241 1322 1402 1366 oratori
1422 1322 1538 1366 haud
1558 1335 1655 1366 raro

266 1399 436 1456 accidit,
469 1402 532 1456 ut,
564 1399 666 1442 licet
698 1399 753 1442 ad
783 1412 892 1455 rem,
924 1399 977 1443 de
1007 1413 1092 1457 qua
1113 1400 1231 1457 dicit,
1264 1399 1529 1458 probandam
1548 1399 1657 1444 nihil

266 1493 438 1536 eorum,
488 1492 596 1536 quae
636 1478 682 1522 in
721 1478 816 1536 ipso
856 1477 1029 1522 fuerunt
1070 1478 1175 1536 sita,
1213 1478 1472 1535 neglexerit,
1509 1481 1655 1523 tamen

268 1571 397 1615 quam
418 1557 512 1601 vult
542 1557 866 1614 persuasionem
899 1556 1164 1601 audientium
1195 1557 1241 1600 in
1274 1557 1428 1600 animis
1457 1571 1542 1601 non
1564 1556 1655 1601 effi-

267 1637 365 1681 ciat.
428 1635 710 1692 Nequaquam
750 1636 863 1680 enim
905 1638 1082 1679 eventus
1121 1649 1147 1680 a
1183 1635 1274 1680 sola
1304 1636 1441 1693 ipsius
1473 1636 1655 1680 oratoris

266 1715 487 1760 voluntate
519 1713 820 1772 proficiscitur,
854 1714 929 1759 sed
954 1728 1116 1771 eorum,
1150 1715 1223 1772 qui
1245 1715 1438 1770 audiunt,
1470 1729 1656 1772 propen-

267 1808 364 1839 sum
402 1794 450 1837 in
483 1807 555 1849 ea,
597 1807 706 1849 quae
738 1794 866 1850 dicit,
908 1793 1098 1837 studium
1130 1794 1330 1838 accedere
1361 1793 1499 1838 debet.
1564 1793 1657 1846 Qua

267 1872 321 1916 de
353 1885 482 1915 causa
513 1885 599 1915 non
631 1872 774 1915 minus
806 1872 999 1929 ineptum
1033 1875 1113 1929 est,
1146 1875 1194 1916 ut
1218 1875 1363 1916 orator
1382 1872 1656 1930 persuadeat,

266 1964 396 2009 quam
429 1953 476 1993 ut
506 1950 697 1994 medicus
728 1953 864 2007 sanet,
896 1950 1134 2008 postulare3
1167 1951 1250 2008 hic,
1283 1952 1320 1995 si
1342 1951 1397 1994 ad
1418 1951 1656 1995 sanandum

267 2029 463 2087 apposite
485 2029 715 2086 curaverit,
736 2028 824 2087 ille,
848 2029 885 2073 si
907 2029 1051 2073 omnia
1072 2030 1126 2074 ad
1143 2029 1488 2088 persuadendum
1504 2029 1657 2074 idonea

266 2108 311 2151 in
340 2108 530 2152 medium
550 2108 793 2166 protulerit,
815 2107 954 2153 officio
979 2114 1054 2152 suo
1078 2108 1336 2152 satisfecerit
1341 2125 1351 2162 ;
1383 2122 1520 2165 neque
1542 2109 1656 2153 enim

268 2187 382 2231 ultra
419 2187 500 2231 hoc
531 2188 764 2244 quidquam
795 2189 940 2244 potest
969 2189 1204 2245 praestare.
1239 2211 1295 2217 —-
1329 2186 1450 2240 Quod
1484 2188 1656 2245 quidem

269 2278 431 2324 eorum,
454 2266 527 2324 qui
550 2268 649 2310 ante
666 2264 944 2310 Aristotelem
965 2268 1080 2326 artes
1102 2265 1460 2325 conscripserant,
1483 2266 1655 2312 omnino

268 2358 393 2389 nemo
413 2346 583 2390 videtur
603 2345 804 2390 habuisse
824 2349 1118 2404 perspectum;
1142 2360 1291 2390 omnes
1311 2350 1441 2403 certe,
1463 2347 1537 2403 qui
1558 2346 1655 2391 rhe-

267 2423 449 2468 toricam
479 2427 666 2478 πειθοῦς
698 2425 983 2483 δημιουργόν,
1017 2425 1047 2469 i.
1071 2439 1107 2469 e.
1141 2425 1428 2482 persuadendi
1460 2424 1654 2483 opificem

266 2502 359 2546 sive
393 2500 667 2559 effectricem,
706 2502 1009 2560 definiverant,
1046 2516 1176 2560 quam
1208 2502 1498 2548 definitionem
1530 2507 1657 2547 antea

266 2579 486 2626 communi
525 2579 657 2624 fuisse
697 2582 742 2628 in
781 2596 862 2626 usu
902 2595 1039 2641 paene
1077 2595 1156 2640 pro
1197 2585 1313 2627 certo
1355 2585 1500 2641 potest
1539 2580 1654 2626 affir-
