1799 3119
862 180 923 224 37·

207 307 270 361 (6.
302 301 526 359 13.-—19.)
572 300 725 347 tribuit
769 301 1051 362 dispositioni.
1113 299 1352 347 Dialectioa
1397 302 1452 348 ad
1490 316 1586 348 eam

205 395 298 429 rem
329 396 422 429 esse
453 395 584 441 opus,
614 379 661 427 id
691 380 803 439 quod
831 379 954 427 Plato
986 381 1124 440 docet,
1155 394 1368 438 nusquam
1399 394 1583 428 comme-

204 464 365 519 morat,
402 474 541 519 neque
575 459 621 503 id
650 460 712 504 ita
742 463 808 505 est
837 461 1093 505 mirandum.
1152 459 1438 516 Quaecunque
1469 462 1584 505 enim

203 539 323 584 nulla
367 541 485 584 certa
524 538 705 583 materia
741 539 965 597 proposita
1002 552 1029 582 a
1065 538 1234 583 dicendi
1271 538 1492 594 magistris
1531 539 1584 583 de

203 618 482 678 dispositione
518 620 699 676 possunt
737 617 851 662 tradi
890 616 958 672 (et
994 616 1249 662 Aristoteles
1289 617 1486 674 quidem,
1534 621 1583 662 ut

201 699 340 743 totum
375 696 456 740 hoo
495 696 586 741 eius
624 709 732 754 opus
771 695 1014 740 admirabili
1049 695 1235 753 quadam
1265 697 1387 754 eopia
1418 699 1485 741 est
1513 696 1580 740 in-

200 776 336 832 signe,
366 775 441 820 vix
472 774 706 832 quidquam
737 786 887 818 eorum
916 773 1240 830 praetermisit),
1272 787 1323 818 ea
1354 775 1459 819 artis
1479 775 1578 820 rhe-

198 853 357 898 torioae
386 852 514 911 plane
545 855 647 897 sunt
675 851 853 910 propria
882 864 1021 908 neque
1050 851 1284 909 quidquam
1302 852 1462 897 habent
1481 867 1579 898 oum

198 931 421 976 dialectiea
451 943 688 976 commune.
734 929 806 973 An
837 929 890 975 ab
920 929 997 974 illa
1023 929 1353 988 proficiscuntur
1374 945 1439 989 ea,
1472 945 1580 990 quae

196 1010 452 1056 Aristoteles
482 1010 543 1055 ibi
574 1009 669 1067 dat,
699 1012 952 1067 praecepta,
984 1009 1161 1067 eiusque
1191 1024 1272 1068 ope
1301 1013 1447 1069 potest
1476 1024 1578 1056 eon-

197 1089 341 1146 stitui,
387 1090 492 1146 quot
536 1100 727 1145 quaeque
773 1087 909 1132 oratio
947 1089 1188 1133 necessario
1227 1089 1380 1134 debeat
1419 1089 1577 1136 habere

195 1166 368 1225 partes?
415 1180 498 1223 quo
530 1166 678 1210 ordine
710 1180 786 1210 eae
818 1180 863 1210 se
894 1166 1077 1211 debeant
1108 1168 1304 1225 excipere
1336 1168 1427 1224 (III,
1456 1169 1576 1224 13.)?

195 1245 308 1290 unde
338 1244 605 1304 prooemium
635 1244 682 1289 in
712 1243 1059 1289 demonstrativis
1081 1245 1138 1288 sit
1158 1244 1425 1290 ducendum?
1464 1247 1577 1304 quod

195 1324 361 1370 exordii
398 1337 555 1368 munus
593 1324 640 1368 in
674 1322 975 1368 iudicialibus?
1021 1323 1095 1368 ubi
1126 1324 1188 1382 ei,
1228 1325 1301 1382 qui
1331 1325 1491 1370 malam
1523 1326 1576 1372 de

194 1418 240 1449 se
271 1404 515 1462 opinionem
546 1402 782 1461 depellere,
820 1401 895 1446 ubi
925 1402 980 1459 ei,
1012 1403 1086 1460 qui
1117 1404 1306 1449 excitare
1337 1404 1390 1449 de
1421 1405 1574 1451 adver-

194 1483 306 1527 sario
344 1482 472 1538 velit,
517 1481 599 1525 hoo
645 1481 702 1525 sit
745 1479 1019 1525 faciendum?
1064 1482 1111 1526 in
1158 1483 1332 1527 exordio
1376 1497 1432 1527 an
1469 1484 1572 1529 alibi

192 1560 413 1605 audientes
450 1557 674 1616 monendi,
712 1560 762 1602 ut
802 1558 955 1602 attenti
987 1558 1103 1604 sint?
1149 1560 1194 1605 in
1226 1573 1381 1616 genere
1412 1560 1572 1608 delibe-

191 1639 328 1682 rativo
370 1636 536 1695 quando
574 1636 842 1694 prooemium
879 1637 1205 1694 assumendum,
1245 1638 1414 1695 quando
1446 1640 1572 1683 omit-

191 1716 369 1762 tendum
410 1715 472 1772 (o.
505 1713 627 1771 14.)?
673 1714 747 1760 ubi
784 1728 962 1761 narrare
994 1729 1102 1775 opus
1133 1715 1217 1761 sit?
1262 1716 1336 1762 ubi
1368 1717 1573 1763 continua

190 1796 396 1842 utendum
425 1793 687 1851 narratione,
717 1794 791 1838 ubi
821 1795 983 1853 partita
1012 1794 1064 1850 (o.
1090 1794 1207 1851 16.)?
1254 1796 1300 1839 in
1320 1796 1571 1853 probatione

188 1877 335 1926 utrum
380 1873 698 1931 enthymemata
741 1886 827 1917 uno
860 1871 1023 1919 vtenore
1067 1874 1344 1932 proferenda,
1392 1888 1448 1918 an
1486 1875 1572 1920 alia

187 1952 350 2012 passim
387 1951 626 1996 rationibus
662 1951 890 1996 inserenda
927 1951 987 2006 (o.
1014 1953 1083 1995 17.
1119 1966 1163 2011 p.
1190 1953 1345 1996 1418a
1367 1953 1409 1996 6.
1428 1953 1568 2010 sqq.)?

189 2031 342 2090 quibus
375 2031 426 2075 in
464 2031 668 2075 orationis
706 2029 901 2088 partibus
939 2029 1058 2075 loeus
1096 2029 1152 2074 sit
1183 2030 1406 2075 sententiis
1439 2030 1564 2086 (ibid.

188 2125 228 2154 v.
254 2111 323 2154 17.
343 2109 482 2167 sqq.)?
520 2109 588 2154 oui
619 2109 733 2168 parti
764 2109 963 2154 refutatio
995 2122 1158 2166 eorum,
1190 2122 1299 2166 quae
1330 2113 1480 2154 contra
1500 2110 1566 2154 di-

187 2191 353 2246 eantur,
389 2187 687 2245 adiungenda?
734 2187 902 2247 quando
934 2202 960 2233 a
991 2188 1095 2246 suis,
1128 2187 1295 2246 quando
1328 2188 1380 2233 ab
1413 2188 1565 2234 adver-

187 2268 396 2313 sariorum
434 2267 798 2326 propositionibus
836 2267 1125 2326 incipiendum
1155 2267 1305 2322 (o.17.
1343 2281 1386 2324 p.
1408 2268 1564 2313 14186

186 2346 229 2391 5.
247 2346 387 2405 sqq.)?
433 2359 542 2404 quae
578 2346 850 2405 peroratione
880 2344 1302 2404 comprehendenda?
1350 2359 1459 2403 quae
1490 2347 1564 2392 de-

184 2425 314 2483 nique
345 2425 392 2469 in
421 2438 566 2469 rerum
597 2425 852 2484 repetitione
875 2424 985 2469 ratio
1008 2423 1223 2482 sequenda
1243 2423 1297 2478 (e.
1323 2425 1440 2481 19.)?
1471 2425 1563 2483 Ap-

183 2508 331 2562 paret,
376 2504 482 2549 haeo
516 2505 764 2562 neutiquam
802 2504 988 2563 pendere
1026 2518 1080 2548 ex
1117 2503 1354 2548 dialectiea.
1415 2505 1561 2560 Neque

185 2594 285 2629 vero
322 2582 464 2629 minus
504 2585 702 2646 apertum
741 2585 828 2645 est,
867 2595 965 2632 eum
997 2581 1186 2630 nondum
1219 2582 1325 2631 satis
1357 2581 1560 2633 orationis
