1799 3119
837 140 893 190 19

172 281 217 309 τε
247 261 657 315 Μθανολονοῦντος
689 257 1003 318 ἀποδέχεσθαι
1029 263 1104 305 καὶ
1124 259 1356 320 ῥητορικὸν
1375 260 1561 307 α’ποδεί-

173 347 259 397 ξεις
290 340 532 395 α’παηεΐνῖς
563 352 701 396 neque
732 340 847 385 enim
869 340 980 387 licet
1010 341 1090 385 hoc
1114 341 1257 385 facere
1277 341 1323 385 in
1344 340 1415 397 iis,
1446 355 1554 398 quae

172 423 233 467 sic
263 424 306 465 et
331 433 453 464 secus
476 433 522 463 se
543 419 710 476 possint
728 419 898 464 habere.
939 419 1075 465 Immo
1097 434 1199 465 vero
1220 423 1556 464 consentaneum

171 503 251 555 est,
282 511 381 544 eum
410 496 539 541 fidem
570 501 737 541 tantum
767 498 831 542 rei
862 512 966 542 suae
995 512 1123 556 posse
1148 498 1301 544 afferre
1321 498 1557 557 probabili-

170 582 387 634 tatemque
418 575 643 621 conciliare
675 579 719 622 et
747 580 818 634 ut,
856 590 964 635 quae
996 577 1116 635 dicit,
1147 591 1250 622 vera
1280 580 1449 637 putent,
1482 577 1556 635 qui

170 657 364 713 audiunt,
395 655 573 702 efficere.
617 655 779 709 Quibus
809 671 889 701 nos
919 657 1058 714 ipsius
1089 656 1336 702 Aristotelis
1356 657 1555 703 volunta-

169 739 257 782 tem
288 735 673 792 cogitationemque
705 749 799 780 esse
827 734 1148 793 interpretatos,
1178 735 1284 780 haec
1305 740 1557 792 argumenta

169 828 221 859 ex
252 814 374 860 libris
406 814 497 859 eius
529 813 753 858 rhetoricis
786 816 959 872 sumpta
991 813 1318 859 confirmabunt.
1359 813 1555 859 Primum

167 893 354 938 rationes
386 894 475 938 sive
506 896 782 950 argumenta,
824 892 979 950 quibus
1010 896 1158 938 utatur
1188 892 1429 951 rhetorica,
1470 907 1557 938 non

167 970 437 1026 α’ποδείξεις,
475 966 568 1021 seda?
581 975 743 1024 πίστεις
773 975 920 1029 vocat,
952 975 1102 1031 utpote
1134 973 1288 1030 quibus
1319 986 1405 1017 non
1436 976 1555 1017 certa

168 1050 346 1095 scientia
376 1051 589 1108 gignatur,
622 1051 697 1096 sed
726 1050 832 1096 fides
865 1048 908 1109 (ἢ
941 1054 1095 1103 πίστις,
1127 1049 1175 1095 τὸ
1200 1051 1435 1106 πιστεύειν)
1461 1051 1555 1096 effi-

167 1129 318 1174 ciatur.
388 1129 556 1174 Deinde
596 1130 737 1186 aliquo
782 1130 875 1176 loco
915 1130 981 1186 (Ι,
1003 1131 1045 1174 2.
1078 1143 1121 1187 Ρ.
1148 1130 1303 1174 1356a
1326 1131 1393 1185 8.)
1433 1131 1555 1187 dicit,

166 1207 266 1251 huic
304 1207 387 1251 arti
425 1207 533 1251 tales
560 1196 642 1252 ¹res
683 1221 777 1252 esse
809 1207 1047 1264 subiectas,
1085 1207 1132 1250 in
1164 1207 1316 1263 quibus
1346 1208 1467 1251 nulla
1499 1208 1557 1252 sit

168 1284 381 1330 subtilitas
413 1284 479 1340 (ἐν
510 1284 575 1337 οἷς
605 1283 654 1329 τὸ
685 1284 858 1343 ἄκριβὲς
888 1303 947 1345 μη
980 1285 1133 1341 ἐστιν»
1166 1285 1302 1330 altero
1325 1285 1419 1331 1000
1442 1285 1493 1344 (Ι,
1515 1288 1554 1331 1.

165 1378 209 1422 p.
235 1364 392 1408 1355a
417 1364 527 1421 14.)‚
565 1365 657 1408 veri
689 1364 828 1409 simile
861 1363 932 1419 (τὸ
964 1364 1118 1419 ὅμοιον
1149 1366 1208 1423 τῷ
1240 1363 1422 1422 ἀληθεῖ)
1456 1379 1553 1409 ora-

165 1442 250 1486 tori
274 1455 367 1486 esse
394 1442 697 1499 spectandum3
729 1442 1002 1497 tertio‘fibid.
1020 1457 1061 1487 v.
1083 1443 1189 1499 17.),
1221 1443 1313 1487 eius
1335 1456 1428 1487 esse
1449 1457 1551 1501 pro-

165 1520 324 1565 babilia
363 1520 601 1564 consectari
640 1520 771 1576 (πρὸς
810 1518 864 1563 τοὶ
903 1519 1068 1574 ἔνδοξα
1107 1522 1394 1574 στοχαστικῶς
1423 1521 1555 1576 ἔχειν,

166 1599 220 1644 cf.
250 1598 292 1655 Ι,
324 1600 366 1643 2.
408 1612 451 1656 p.
486 1599 640 1643 1356b
671 1599 791 1654 32.);
835 1602 988 1655 quarto
1020 1597 1106 1655 (ΙΙ,
1132 1600 1171 1642 1.
1205 1613 1248 1656 p.
1270 1600 1423 1644 1377b
1445 1600 1555 1657 23.),

165 1677 397 1721 videndum
428 1690 537 1733 esse,
567 1680 616 1720 ut
646 1675 729 1721 fide
761 1676 890 1731 digna
922 1677 979 1720 sit
1011 1677 1162 1720 oratio.
1214 1677 1410 1735 Denique
1441 1678 1553 1723 hanc

166 1759 302 1800 artem
350 1755 499 1800 definit
536 1755 784 1800 facultatem
824 1755 1022 1812 videndi,
1070 1755 1173 1812 quid
1212 1770 1381 1813 quaque
1418 1757 1465 1800 in
1504 1770 1553 1801 re

163 1834 302 1892 possit
333 1847 426 1878 esse
457 1834 671 1886 πιθανόν,
703 1834 733 1877 i.
756 1847 793 1877 e.
827 1833 882 1878 ad
906 1832 1033 1877 fidem
1054 1834 1294 1878 faciendam
1314 1847 1553 1879 accommo-

165 1912 312 1957 datum
345 1911 397 1970 (Ι,
414 1913 457 1956 2.
478 1912 606 1967 init).
648 1910 885 1968 Postremo,
916 1911 990 1956 ubi
1010 1911 1120 1956 hanc
1140 1911 1427 1956 definitionem
1450 1925 1551 1956 0011-

164 1989 307 2036 firmat
346 1989 638 2049 ostenditque,
677 1990 934 2036 rhetoricam
977 1990 1038 2035 sic
1077 1990 1130 2036 ab
1168 1990 1365 2036 omnibus
1397 1990 1551 2036 ceteris

167 2071 329 2116 artibus
351 2074 547 2116 accurate
568 2071 790 2128 distingui,
819 2084 917 2116 cum
939 2070 992 2114 de
1013 2069 1080 2114 his
1102 2070 1275 2127 quidem
1295 2071 1400 2114 haec
1420 2070 1552 2116 faeiat

165 2150 315 2196 verba:
356 2151 443 2194 τῶν
478 2149 561 2207 γὰρ
602 2150 752 2195 ἄλλων
789 2149 1001 2207 (τεχνῶν)
1043 2147 1200 2207 ἑκάστη
1233 2152 1331 2206 περὶ
1360 2148 1409 2193 τὸ
1439 2147 1551 2210 αὐτῇ

164 2225 450 2286 ὖποκείμενόν
479 2230 568 2272 ἐστι
602 2229 890 2286 διδασκαλικὴ
921 2232 994 2272 καὶ
1026 2229 1231 2285 πειστική,
1261 2228 1314 2272 de
1334 2228 1550 2273 rhetorica

165 2319 317 2354 cavens
355 2321 410 2352 ne
451 2308 580 2353 verbo
620 2307 846 2353 διδάσκειν
884 2310 1052 2364 utatur,
1092 2306 1194 2363 quid
1231 2306 1288 2350 sit
1326 2306 1381 2350 ad
1419 2305 1549 2351 fidem

165 2385 401 2431 faciendam
442 2387 665 2444 idoneum,
703 2401 829 2446 posse
861 2401 956 2432 eam
987 2386 1255 2431 considerare
1288 2385 1393 2429 dicit
1425 2386 1483 2442 (Ι,
1506 2387 1547 2430 2.

165 2475 207 2520 Ρ.
237 2467 388 2511 1355b
419 2466 532 2521 33.).
606 2466 716 2518 Quid
764 2465 923 2522 igitur?
968 2479 1108 2510 nonne
1160 2465 1434 2522 apertissima
1483 2468 1547 2508 est

166 2540 411 2590 Aristotelis
443 2545 496 2589 de
527 2544 607 2590 hac
636 2558 684 2589 re
715 2543 957 2590 sententia?

1252 2619 1314 2658 241·
