1799 3119
846 237 899 282 61

181 355 356 401 ἔσονται
393 359 480 401 τῶν
517 356 708 402 πολιτῶν
745 356 793 401 αἱ
831 361 994 417 ψυχαί,
1033 361 1107 401 καὶ
1144 355 1451 414 διαμάχεσθαι
1483 356 1556 400 λέ·-

180 450 317 489 γοντα
346 432 402 478 τὰ
430 435 645 491 βέλτιστα,
676 438 762 480 εἴτε
791 433 900 494 ἡδίω
931 436 1017 480 εἴτὲ
1047 435 1289 494 ἄηδέστερα
1318 434 1440 479 ἔσται
1465 441 1557 486 τοῖς

180 511 428 558 ἀκούουσιν.
476 512 637 565 Quibus
667 527 753 558 non
784 528 891 573 opus
923 518 989 559 est
1019 514 1176 558 addere
1199 514 1392 558 verbum.
1442 512 1553 557 Con-

180 591 295 636 cedit
324 592 438 635 enim
461 590 657 637 Socrates
683 593 773 637 sive
792 592 931 650 Plato,
962 606 1088 651 posse
1110 607 1203 638 esse
1224 592 1435 638 eiusmodi
1456 592 1555 637 rhe-

179 670 374 727 toricam,
406 684 513 728 quae
543 671 764 716 hominum
793 685 934 716 mores
966 672 1192 717 emendare
1214 672 1383 716 studeat
1403 671 1554 716 saluti-

181 762 262 807 que
291 749 549 808 reipublicae
581 751 759 805 serviat3
791 750 872 795 hoc
903 753 1047 795 autem
1066 751 1144 808 qui
1165 751 1372 808 concedit,
1404 750 1554 796 utilem

179 841 305 885 posse
336 842 429 872 esse
458 828 715 873 rhetoricam
745 842 832 872 non
862 832 1005 885 potest
1034 842 1204 884 negare.

269 905 368 951 Jam
399 920 521 965 vero,
561 907 666 953 haec
705 907 907 965 quoniam
944 907 1006 952 ita
1045 921 1090 952 se
1130 908 1286 953 habere
1318 908 1554 965 docuimus,

180 986 371 1042 quaestio
403 986 587 1043 exsistit,
620 999 727 1043 quae
759 986 816 1029 sit
846 986 955 1029 ratio
978 999 1139 1043 eorum,
1172 986 1225 1030 de
1246 987 1400 1043 quibus
1423 1000 1556 1044 supra

179 1063 365 1109 diximus
378 1099 390 1118 ,
420 1064 633 1122 locorum,
667 1065 819 1122 quibus
849 1063 972 1109 Plato
1003 1065 1260 1110 rhetoricam
1292 1065 1552 1110 observatio-

179 1155 277 1187 nem
309 1142 522 1199 quandam
552 1157 761 1201 usumque
792 1143 911 1187 nulla
940 1144 1105 1188 ratione
1136 1144 1360 1188 collectum
1392 1147 1435 1188 et
1460 1157 1554 1188 rem

178 1224 349 1280 turpem
379 1217 708 1280 facultatemque
735 1222 981 1267 blandiendi
1002 1222 1203 1280 appellat.
1252 1221 1369 1274 Quae
1389 1225 1438 1266 ut
1456 1223 1554 1266 uni-

178 1313 301 1345 verse
339 1303 440 1344 sunt
477 1300 611 1357 dicta,
650 1300 712 1345 ita
751 1300 806 1344 ad
843 1300 1090 1344 universam
1125 1299 1383 1344 rhetoricam
1418 1299 1556 1344 relata

180 1379 381 1437 quoniam
410 1380 480 1435 iis,
512 1393 620 1436 quae
651 1379 777 1423 modo
811 1380 1101 1436 exposuimus,
1133 1380 1292 1422 mirum
1314 1379 1360 1422 in
1379 1379 1555 1422 modum

179 1460 488 1516 repugnarent,
528 1457 573 1501 id
604 1470 728 1515 nemo
759 1457 846 1502 iam
878 1457 1110 1514 dubitabit,
1149 1457 1253 1514 quin
1285 1457 1469 1515 scriptor
1500 1457 1553 1502 de

178 1536 389 1580 rhetorica
433 1536 634 1579 universa
669 1536 724 1579 iis
760 1535 865 1579 locis
903 1536 1044 1579 facere
1081 1535 1287 1578 iudicium
1325 1536 1372 1578 in
1409 1536 1553 1579 animo

178 1629 266 1661 non
296 1614 505 1660 habuerit.
560 1613 736 1658 Notavit
764 1614 839 1671 ibi,
872 1618 920 1658 ut
948 1628 1041 1659 rem
1070 1614 1219 1672 paucis
1249 1614 1554 1670 transigamus,

180 1707 298 1752 eam,
330 1707 439 1751 quae
468 1693 544 1737 illa
575 1696 713 1745 aetate
743 1692 925 1737 Athenis
956 1693 1245 1750 factitabatur,
1275 1692 1554 1747 rhetoricam3

181 1773 291 1818 hanc
328 1773 441 1818 enim
474 1776 517 1817 et
545 1773 592 1816 in
621 1771 816 1817 Phaedro
849 1772 1019 1830 saepius
1052 1772 1155 1816 dicit
1187 1772 1240 1816 ab
1271 1772 1387 1816 omni
1419 1773 1555 1816 scien-

180 1853 242 1897 tia
280 1864 508 1909 rerumque
546 1851 787 1907 cognitione
824 1864 917 1895 esse
949 1851 1206 1907 seiunctam,
1246 1853 1291 1895 et
1319 1851 1366 1895 in
1396 1849 1558 1906 Gorgia

181 1930 250 1988 (p.
276 1931 365 1974 503
382 1929 459 1984 B.)
506 1933 641 1973 totam
689 1929 831 1984 arguit
869 1929 923 1972 ad
966 1928 1267 1972 blandiendum
1307 1942 1401 1973 esse
1440 1942 1557 1973 com-

179 2003 388 2067 positam3
419 2007 530 2052 hanc
559 2003 691 2063 igitur
721 2005 948 2064 ἐμπειρίαν
979 2009 1022 2050 et
1049 2006 1232 2061 ἄτεχνον
1252 2005 1416 2065 τριβήν,
1447 2006 1556 2052 hanc

180 2088 414 2132 κολακείαν
445 2099 538 2131 esse
567 2085 785 2129 iudicavit.

272 2164 527 2210 Aristoteles
558 2164 603 2208 in
635 2163 846 2222 principio
877 2162 978 2208 libri
1001 2163 1131 2221 primi
1150 2166 1378 2221 postquam
1398 2164 1557 2221 docuit,

183 2244 420 2289 rhetoricae
452 2256 585 2299 aeque
617 2255 667 2286 ac
698 2242 946 2286 dialecticae
976 2242 1085 2286 tales
1116 2256 1185 2286 res
1217 2256 1309 2286 esse
1331 2243 1557 2299 subiectas,

183 2337 291 2381 quae
322 2322 376 2367 ad
406 2335 629 2366 commune
649 2321 855 2366 iudicium
875 2320 1210 2379 popularemque
1230 2320 1559 2376 intelligentiam

184 2402 273 2445 sint
304 2400 671 2456 accommodatae,
703 2400 883 2456 ideoque
915 2412 1061 2442 omnes
1093 2399 1276 2454 quodam
1307 2399 1434 2442 modo
1467 2413 1557 2442 am-

185 2479 337 2525 barum
369 2491 462 2522 esse
483 2478 731 2536 participes,
762 2491 888 2535 posse
909 2476 1096 2534 aliquam
1117 2490 1210 2521 esse
1232 2479 1370 2521 artem
1390 2477 1558 2522 dicendi

182 2556 295 2602 hunc
342 2557 387 2601 in
432 2556 607 2600 modum
636 2555 878 2601 ‘confirmat
916 2554 980 2611 (I,
1014 2556 1053 2599 1.
1086 2568 1129 2613 p.
1156 2556 1410 2611 1354a6.):
1458 2556 1557 2600 Τῶν

182 2639 263 2694 μὲν
301 2633 381 2680 οὖν
420 2634 596 2680 πολλῶν
634 2638 681 2679 οἵ
706 2636 788 2692 μὲν
818 2634 909 2696 εἰκῇ
940 2634 1078 2678 ταῦτα
1111 2634 1273 2692 δρῶσιν
1305 2634 1350 2688 (i.
1374 2647 1410 2678 e.
1439 2632 1556 2679 α’πο-
