1799 3119
781 223 838 267 49

120 347 211 395 Sed
239 349 385 397 tamen
420 345 558 401 cavit,
595 357 650 388 ne
680 345 974 404 praeciperet,
1012 348 1060 390 ut
1090 348 1235 390 orator
1265 344 1501 403 repudiatis

119 428 185 473 his
216 424 381 470 artibus
412 424 473 468 inv
490 424 856 478 argumentatione
888 428 931 469 et
960 424 1007 468 in
1030 439 1078 469 re
1098 425 1195 483 ipsa
1214 437 1293 482 per
1316 437 1362 468 se
1384 437 1498 468 com-

119 502 338 564 probanda
383 515 476 546 sese
519 502 801 559 contineret,>
829 503 1013 559 fecitque
1059 503 1105 546 id
1150 502 1498 560 prudentissime.

120 583 230 638 Nam
272 580 320 624 in
356 579 470 624 vitae
517 580 788 637 quotidianae
825 580 1130 626 consuetudine
1166 583 1216 624 ut
1253 579 1310 624 ad
1350 591 1502 624 causas

122 658 369 706 obtinendas
408 656 591 703 sufficiat
620 662 873 717 argumenta
903 659 958 702 ad
988 672 1080 703 rem
1110 658 1377 716 probandam
1406 658 1501 701 ido-

119 752 201 784 nea
229 735 429 792 colligere
461 739 505 781 et
535 735 711 795 afferre,
742 740 911 782 tantum
942 737 1085 794 abest,
1116 740 1166 780 ut
1196 737 1257 794 ei,
1289 737 1363 795 qui
1393 735 1503 780 nihil

121 818 232 862 ultra
270 815 442 871 fecerit,
482 828 611 872 quam
641 816 830 860 maxime
862 816 919 859 sit
947 815 1205 871 verendum,
1243 828 1298 859 ne
1329 828 1502 859 causam

121 894 272 953 perdat
300 893 579 951 vincaturque
611 893 665 939 ab
697 907 769 950 eo,
802 893 875 951 qui
907 893 1037 937 etiam
1070 893 1124 937 ad
1157 906 1307 937 sensus
1338 893 1502 936 animo-

121 984 216 1017 rum
247 971 489 1016 adhibuerit
520 967 770 1016 orationem.
819 972 982 1028 Neque,
1015 985 1091 1016 cur
1121 972 1202 1015 hoc
1231 972 1295 1014 ita
1316 971 1387 1027 sit,
1421 971 1504 1014 dif-

120 1049 228 1095 ficile
259 1052 325 1094 est
355 1049 410 1093 ad
440 1049 778 1105 intelligendum.
826 1050 1020 1107 Namque
1052 1053 1101 1093 ut
1132 1050 1321 1108 primum
1352 1049 1405 1093 de
1427 1048 1502 1093 illo

122 1128 324 1176 orationis
371 1141 526 1183 genere
573 1129 787 1185 dicamuS‚
834 1128 947 1185 quod
993 1142 1135 1172 mores
1174 1128 1297 1184 quasi
1338 1126 1503 1183 effingit

121 1206 315 1263 dicentis,
348 1206 460 1264 quod
492 1220 625 1262 genus
649 1206 905 1251 Aristoteles
935 1206 1211 1264 rhetoresque
1241 1206 1502 1264 posteriores

120 1285 232 1329 hunc
271 1285 405 1329 secuti
435 1288 589 1329 vocant
624 1283 807 1342 ἠθικόν,
848 1297 946 1328 011111
978 1297 1125 1328 omnes
1157 1284 1222 1340 ei,
1261 1298 1390 1340 quem
1419 1283 1504 1328 fide

121 1363 369 1408 existimant
407 1376 499 1408 esse
539 1362 737 1420 dignum,
776 1376 875 1407 cum
915 1362 1111 1407 omnibus
1142 1362 1189 1406 in
1220 1362 1371 1419 rebus,
1388 1398 1393 1405 .
1410 1366 1504 1407 tum

119 1442 165 1485 in
202 1442 279 1498 iis,
320 1455 428 1498 quae
465 1441 773 1498 dubitationem
805 1440 1005 1498 afferant,
1043 1441 1179 1485 multo
1208 1441 1378 1485 facilius
1404 1444 1503 1485 'cre-

121 1519 225 1563 dant
253 1518 465 1577 fidemque
496 1520 701 1577 tribuant,
737 1520 821 1566 fide
852 1523 995 1565 autem
1027 1520 1180 1576 dignus
1211 1520 1420 1565 habeatur
1448 1520 1503 1576 is,

122 1598 194 1654 qui
234 1601 277 1641 et
316 1598 482 1642 consilii
521 1599 675 1657 plenus
714 1602 757 1643 et
795 1600 953 1657 probus
994 1602 1037 1643 et
1072 1598 1303 1643 benevolus
1334 1599 1505 1642 videtur

122 1689 213 1720 esse
235 1675 305 1730 (cf.
327 1676 507 1721 Aristot.
529 1676 702 1722 Rhetor.
724 1676 779 1735 Π,
804 1679 843 1722 1.
865 1691 908 1736 p.
930 1678 1014 1722 137
1019 1679 1088 1722 8a
1110 1679 1152 1722 6.
1169 1676 1297 1735 sqq.)‚
1329 1676 1384 1721 ad
1405 1691 1504 1735 per-

123 1755 387 1799 suadendum
432 1756 671 1800 necessario
718 1756 832 1800 valet
877 1756 1140 1814 permultum
1186 1755 1347 1812 orati0‚
1395 1767 1504 1813 quae

122 1833 219 1878 talis
261 1834 446 1879 hominis
487 1838 658 1879 tueatur
693 1836 878 1894 speciem
910 1836 1190 1893 omnibusque
1221 1849 1276 1879 ex
1305 1834 1374 1879 his
1405 1849 1504 1892 par-

123 1912 235 1956 tibus
267 1913 535 1957 commendet
565 1914 790 1958 dicentem.
844 1913 1004 1957 Verum
1034 1914 1168 1957 nihilo
1198 1927 1335 1970 paene
1364 1914 1507 1957 minor

122 1989 238 2036 illius
270 1992 438 2048 generis
471 1994 536 2036 est
567 1992 632 2037 vis
645 2026 657 2049 ‚
698 1992 810 2049 quod
840 1992 1096 2036 Aristoteles
1127 1992 1321 2035 nominat
1351 1995 1503 2050 παθη-

122 2067 263 2123 τικόν,
302 2071 416 2128 quod
447 2071 611 2115 animos
643 2071 908 2115 audientium
939 2070 993 2115 ad
1025 2084 1319 2128 quemcunque
1350 2084 1505 2116 causae

123 2152 278 2193 natura
316 2150 509 2207 ratioque
545 2150 751 2208 temporis
781 2150 971 2208 postulat
1000 2153 1164 2194 motum
1195 2152 1320 2194 vocat
1348 2150 1504 2207 impel-

122 2225 278 2285 litque,
319 2232 368 2272 ut
407 2231 482 2273 aut
517 2228 758 2274 irascantur
793 2233 868 2274 aut
906 2230 1032 2274 mites
1064 2230 1151 2273 sint
1181 2232 1255 2272 aut
1284 2228 1506 2273 invideant

125 2309 197 2350 aut
242 2307 414 2351 faveant
452 2311 527 2351 aut
567 2307 735 2352 oderint
773 2311 848 2352 aut
885 2308 1065 2363 diligant
1102 2311 1177 2351 aut
1217 2311 1390 2364 sperent
1430 2312 1507 2352 aut

123 2388 316 2429 metuant
356 2389 430 2429 aut
469 2386 644 2443 cupiant
682 2388 756 2430 aut
795 2385 1051 2430 abhorreant
1081 2388 1157 2429 aut
1185 2385 1400 2431 laetentur
1431 2390 1507 2431 aut

124 2467 355 2508 maereant.
409 2463 594 2508 Multum
625 2465 739 2509 enim
769 2465 969 2520 interest,
1000 2465 1159 2519 integri
1190 2465 1408 2523 quietique
1438 2466 1503 2509 iu-

125 2539 266 2587 dicent
296 2543 489 2588 homines
522 2557 577 2587 an
609 2543 792 2600 quodam
822 2542 948 2587 modo
981 2543 1135 2587 animis
1168 2542 1324 2601 affecti,
1355 2544 1502 2589 habet-

125 2631 205 2676 que
241 2625 435 2667 motuum
467 2635 589 2667 suam
621 2622 800 2679 quisquc
830 2623 919 2667 vim
950 2622 1006 2667 ad
1037 2636 1186 2668 eorum
1215 2623 1373 2668 iudicia
1403 2635 1502 2666 suo-

1211 2700 1235 2736 4
