1799 3119
950 215 1008 261 54

288 339 363 381 καὶ
403 337 619 396 πρότερον
653 333 873 395 εἶρηκότες
902 335 1195 392 τυγχάνομθν,
1235 331 1408 393 ἀληθές
1438 333 1572 388 ἔστιν,
1597 334 1679 379 ὅτι

287 413 315 475 ἢ
360 413 565 476 ῥητορικὴ
606 416 826 471 σύγκειται
863 414 912 458 ἔκ
950 432 997 458 τε
1035 408 1128 470 τῆς
1148 414 1410 472 α’ναλυιικῆς
1447 414 1680 472 ἐπιστήμης

286 498 362 538 καὶ
391 498 467 552 τῆς
498 497 597 553 περὶ
627 485 684 537 τὰ
716 491 814 553 ἢθη
845 491 1096 551 πολιτικῆς).
1151 491 1433 552 Psychologia
1461 490 1608 537 'autem
1628 504 1679 537 ea

287 574 386 631 ipsa
417 577 483 618 est
514 573 758 630 disciplina,
789 586 920 629 quam
941 575 1158 616 oratorem
1176 566 1331 617 debere
1352 571 1679 627 diligentissime

288 651 448 697 habere
478 653 709 695 tractatam
742 653 785 695 et
817 650 1152 709 pervestigatam
1182 649 1346 695 iudicat
1374 648 1511 695 Plato.

370 729 540 774 ‘Rerum
573 743 737 786 earum,
769 729 823 773 de
846 730 1000 786 quibus
1021 729 1159 773 adhuc
1180 728 1511 786 disputavimus,
1542 728 1679 772 scien-

285 808 394 853 tiam
426 811 681 853 consecutus
714 808 771 853 sit
804 811 949 853 orator
981 809 1164 867 oportet,
1196 807 1486 865 cuiuscunque
1511 807 1679 864 generis

286 891 355 932 est
385 891 666 945 suscepturus
699 900 895 941 causam3
927 900 1066 943 neque
1088 886 1202 931 enim
1222 881 1311 930 ulla
1331 890 1475 944 potest
1493 886 1678 931 inveniri

287 967 364 1010 aut
405 966 608 1023 cogitari,
650 966 697 1009 in
729 978 814 1023 qua
845 978 932 1009 non
964 963 1258 1022 quaerendum
1290 965 1348 1009 sit
1378 967 1454 1009 aut
1482 965 1537 1009 de
1566 965 1679 1009 iusto

286 1047 362 1088 aut
400 1044 454 1089 de
485 1044 596 1089 bono
629 1048 705 1089 aut
736 1044 790 1088 de
808 1044 1000 1089 *honesto
1032 1046 1109 1088 aut
1139 1043 1192 1088 de
1210 1037 1300 1100 iis,
1340 1056 1449 1101 quae
1481 1043 1548 1088 his
1580 1038 1681 1088 sunt

286 1124 528 1180 contraria,
561 1137 640 1168 nec
670 1124 716 1167 in
750 1136 835 1180 qua
865 1122 975 1166 nihil
1006 1122 1393 1179 comprobandum,
1425 1122 1534 1166 nihil
1552 1123 1678 1167 ›refu-

285 1201 490 1258 tandum,
526 1201 636 1245 nihil
668 1200 982 1257 definiendum,
1014 1200 1123 1244 nihil
1153 1200 1463 1258 ordinandum,
1494 1213 1575 1245 nec
1603 1200 1678 1245 de-

284 1280 416 1337 nique
446 1280 494 1323 in
526 1294 612 1336 qua
642 1293 730 1323 non
761 1279 901 1337 possit
931 1278 1048 1334 fieri,
1079 1282 1129 1322 ut
1159 1279 1325 1323 animos
1357 1282 1553 1336 oporteat
1583 1292 1678 1323 ora-

284 1358 404 1403 tione
426 1361 501 1402 aut
522 1358 713 1402 excitare
735 1360 811 1402 aut
833 1357 984 1402 sedare
1005 1359 1081 1401 aut
1097 1357 1339 1402 conciliare.
1379 1356 1679 1416 Philosophiae

284 1437 420 1493 igitur
449 1439 620 1495 partem
651 1436 860 1481 moralem
893 1436 1012 1492 (nam
1031 1436 1137 1481 haec
1158 1435 1296 1493 docet,
1327 1435 1432 1493 quid
1451 1435 1679 1481 honestum

286 1516 358 1573 sit,
390 1516 494 1574 quid
526 1518 669 1574 turpe,
702 1516 807 1574 quid
837 1517 1012 1573 bonum,
1045 1516 1149 1573 quid
1163 1515 1346 1572 malum,
1378 1516 1482 1572 quid
1501 1516 1678 1573 iustum,

287 1594 392 1652 quid
436 1594 669 1651 iniustum)
717 1598 762 1640 et
809 1595 1077 1641 dialecticam
1125 1596 1167 1638 et
1209 1593 1530 1652 psychologiam
1569 1595 1676 1640 bene

285 1674 457 1718 noverit
503 1677 648 1718 orator
685 1688 860 1719 neeesse
900 1677 988 1730 est,
1036 1667 1373 1731 qualemcunque
1412 1674 1467 1717 ad
1506 1686 1678 1718 causam

286 1754 354 1797 est
391 1765 653 1797 accessurus.
711 1753 797 1798 Sed
835 1753 914 1797 has
953 1754 1069 1797 artes
1106 1752 1307 1797 didicisse
1336 1765 1424 1797 non
1455 1753 1560 1798 satis
1592 1757 1677 1810 est3

284 1831 509 1889 postulant
538 1836 765 1889 praeterea
788 1845 1015 1877 causarum
1036 1844 1194 1886 genera
1214 1844 1337 1875 suam
1357 1832 1553 1888 quodque
1573 1846 1677 1890 pru-

286 1908 487 1953 dentiam·
526 1910 748 1967 propriam
797 1909 1169 1966 cognitionemque
1215 1909 1498 1969 singularem,
1544 1924 1678 1969 eaque

286 1988 361 2046 qui
392 1988 578 2046 carebit,
615 1989 788 2034 tametsi
821 1992 935 2033 artes
967 1988 1065 2033 illas
1096 1988 1282 2044 tenebit,
1313 1992 1458 2033 tamen
1489 1990 1678 2045 graviter

287 2067 556 2124 scienterque
596 2067 738 2113 dicere
774 2081 860 2112 non
891 2067 1065 2126 poterit.
1120 2065 1358 2112 Causarum
1390 2067 1505 2112 enim
1534 2059 1676 2113 foren-

287 2146 398 2190 sium
432 2146 572 2203 qualis
604 2147 696 2192 fore
728 2150 847 2192 actor
879 2149 945 2191 est
974 2145 1207 2204 putandus,
1244 2146 1318 2203 qui
1347 2146 1498 2203 legum·
1523 2148 1580 2192 sit
1608 2148 1676 2192 in-

286 2224 399 2268 scius
440 2225 632 2283 iurisque
673 2225 813 2270 civilis
851 2224 1058 2282 ignarus?
1105 2228 1148 2270 et
1186 2225 1233 2269 in
1273 2225 1461 2270 consiliis
1493 2226 1676 2284 publicis

287 2303 424 2360 qualis
462 2304 555 2348 fore
594 2318 746 2348 suasor
787 2297 1121 2361 existimandus,
1163 2304 1236 2361 qui
1274 2303 1477 2348 historias
1512 2305 1677 2349 nesciat

287 2384 365 2425 aut·
390 2376 512 2427 rudis
545 2383 602 2427 sit
631 2383 678 2427 in
709 2383 837 2429 rebus
869 2382 1097 2428 civilibus?
1145 2382 1230 2427 Sed
1260 2382 1426 2427 harum>
1444 2396 1590 2428 rerum
1621 2384 1675 2428 ad

285 2460 548 2504 mentionem
578 2461 702 2505 Plato
743 2463 790 2505 in
819 2461 1015 2505 Phaedro
1053 2474 1141 2504 non
1180 2460 1377 2518 devenit,
1414 2461 1544 2520 idque
1574 2475 1674 2521 pro—

283 2541 452 2597 pterea,
487 2541 599 2596 quod
628 2541 689 2586 ibi
720 2541 767 2585 id
798 2540 937 2586 solum
959 2540 1041 2585 sibi
1060 2544 1345 2598 proposuerat
1365 2540 1674 2598 demonstrare,

287 2617 560 2675 eloquentem
606 2633 691 2663 non
737 2632 866 2677 posse
913 2618 1024 2664 effici
1070 2619 1163 2665 sine
1203 2618 1488 2680 philosophia.
1552 2618 1674 2675 Quod
