1799 3119
823 170 877 214 15

154 293 387 351 repugnet,
425 291 545 336 loeus
580 289 699 349 apud
728 289 950 336 Platonem
991 293 1134 336 exstat
1168 289 1344 336 omnino
1375 289 1533 337 nullus.

153 372 251 418 Iure
279 371 416 428 igitur
438 384 496 416 ac
524 371 678 416 merite
700 370 974 430 Spengelium
1004 371 1060 417 de
1091 385 1141 417 ea
1161 384 1224 427 re,
1256 383 1385 427 quam
1405 384 1534 428 qnae-

154 452 312 507 rimus,
350 450 455 494 haec
491 450 779 507 proterentem
818 450 949 506 (fiber
986 451 1055 496 die
1087 449 1296 495 Rhetorik
1327 449 1403 494 des
1432 450 1534 493 Ari-

154 528 327 573 stoteles
357 542 402 586 p.
424 528 569 583 458.):
589 525 605 542 ‘
620 528 816 573 Socrates
836 529 926 573 will
946 529 1159 573 durchans
1179 529 1251 573 ein
1271 527 1533 573 matefiellcs

153 606 320 664 Gebiet,
351 606 489 651 festen
517 606 630 652 Stoff
654 608 743 653 und
763 606 919 653 Gehalt
938 622 1022 653 von
1052 608 1121 652 ihr
1150 608 1304 666 haben,
1319 637 1322 638 ν
1335 621 1426 653 was
1458 607 1535 652 der

153 687 275 732 echte
303 684 488 741 Gorgias
516 686 631 730 wohl
662 701 709 730 so
740 687 880 741 wenig
909 686 974 730 als
1001 685 1258 730 Aristotel&
1287 687 1534 742 zugegeben

151 764 290 809 haben
315 760 481 809 w‘iirde'
508 765 670 809 erroris
701 777 883 820 arguens
912 767 1112 821 recteque
1141 765 1397 809 contendere
1426 765 1533 809 mihi

151 844 323 900 videor,
362 842 475 900 quod
505 842 760 901 Spengelius
793 841 959 887 Socrati
991 841 1211 887 Platonico
1242 844 1534 900 supposuerit,

151 921 196 966 id
226 936 280 966 ne
299 921 522 966 Platonem
554 922 726 979 quidem
757 935 1059 967 concessurum
1078 921 1225 966 fuisse.
1273 920 1334 966 At
1353 921 1536 966 forsitan

150 1002 364 1058 quispiam
393 1001 569 1057 dixerit,
598 1001 820 1045 Socratem
850 1014 930 1059 per
959 1004 1095 1045 totam
1114 1001 1302 1059 priorem
1324 1000 1534 1045 sermonis

149 1081 319 1136 parterm
349 1078 395 1121 id
426 1091 568 1134 agere,
596 1082 646 1122 ut
677 1079 853 1124 definire
883 1079 1122 1137 sophistam
1141 1082 1281 1136 cogat,
1311 1079 1467 1136 quibus
1487 1079 1533 1122 in

150 1156 278 1200 rebus
306 1159 531 1200 versentur
562 1170 652 1213 eae,
683 1157 836 1213 quibus
867 1158 1081 1201 rhetorica
1109 1161 1272 1213 utatur,
1304 1157 1533 1213 orationes,

151 1247 333 1291 eumque
365 1238 513 1292 aperte
543 1248 727 1292 negare,
765 1235 821 1279 ad
851 1248 999 1280 omnes
1031 1249 1102 1280 res
1133 1238 1271 1279 artem
1300 1234 1535 1278 oratoriam

149 1313 388 1372 pertinere„
425 1312 507 1358 hoc
546 1313 741 1372 exemplo
778 1314 824 1359 id
855 1314 1165 1360 illustrantem:
1206 1314 1388 1359 oratoris
1420 1313 1535 1359 haud

151 1382 285 1436 dubie*
318 1405 404 1436 non
436 1405 530 1436 esse
561 1393 758 1450 exsequi,
797 1407 881 1450 qua
913 1394 1084 1438 vivendi
1114 1394 1280 1437 ratione
1310 1393 1476 1450 aegroti
1507 1405 1534 1437 a

149 1470 310 1515 morbis
340 1474 586 1515 recreentur
615 1471 677 1528 (p.
698 1472 789 1515 449
800 1472 890 1526 E.).
936 1471 1102 1527 Audio,
1133 1485 1271 1528 neque
1301 1474 1445 1515 tamen
1478 1485 1532 1515 ex

149 1548 217 1593 his
249 1547 359 1594 effici
391 1549 569 1606 cogique
598 1552 757 1606 potest,
786 1553 905 1594 certo
926 1549 1069 1607 aliquo
1089 1563 1236 1594 rernm
1256 1563 1413 1605 genere
1435 1563 1533 1594 eum

149 1654 189 1692 in
213 1654 340 1693 verbis
373 1665 456 1692 esse
488 1654 700 1703 materiam,
735 1656 802 1693 sed
827 1656 865 1693 in
890 1655 1015 1694 rebus.
1064 1656 1114 1693 Et
1138 1655 1178 1693 in
1202 1655 1372 1694 Phaedro
1397 1656 1533 1703 palam,

149 1732 225 1760 non
250 1722 290 1758 in
314 1722 465 1759 iudiciis
490 1722 601 1759 modo
626 1726 666 1759 et
689 1722 938 1769 contionibus,
964 1723 1032 1760 sed
1056 1723 1095 1759 in
1113 1723 1225 1760 rebus
1241 1723 1357 1759 etiam
1374 1723 1535 1769 privatis

149 1798 194 1827 ac
218 1788 438 1827 domesticis
461 1787 675 1827 rhetoricen
700 1800 794 1837 esse,
820 1789 1064 1829 demonstrat.
1101 1789 1186 1835 Quo
1203 1788 1444 1828 manifestum
1464 1793 1533 1837 est,

148 1854 246 1893 hanc
263 1856 476 1906 opinionem
498 1855 619 1902 ipsius
634 1856 803 1895 Platonis
819 1855 957 1895 fuisse?
997 1856 1286 1904 Argumentum,
1312 1867 1387 1904 quo
1403 1857 1534 1904 utitur,

148 1921 319 1968 alterum,
336 1924 528 1968 sumptum
544 1922 639 1959 illud
657 1933 704 1960 ex
721 1922 873 1970 Gorgia,
895 1933 970 1970 quo
987 1923 1026 1959 in
1044 1922 1195 1969 dialogo
1212 1922 1301 1959 inde
1316 1934 1340 1959 a
1355 1934 1393 1968 p.
1406 1923 1476 1959 451
1486 1925 1531 1960 A.

149 1986 333 2035 Socrates,
358 1992 401 2026 ut
424 1988 599 2036 diximus,
625 1988 831 2036 sophistam
853 1991 1011 2027 conatur
1026 1988 1224 2036 adducere,
1250 1992 1304 2036 ut,
1330 1988 1468 2035 quibus
1484 1988 1533 2026 de

149 2054 262 2091 rebus
295 2054 483 2092 rhetorica
512 2054 627 2092 faciat
658 2054 790 2102 verba,
831 2055 1010 2101 explicet,
1050 2055 1099 2091 ad
1131 2055 1452 2101 comprobandum
1481 2055 1534 2102 id,

151 2120 254 2166 quod
269 2120 392 2158 voluit
405 2120 658 2166 Quintilianus
675 2120 930 2168 comprobare,
955 2120 1066 2167 plane
1081 2120 1223 2158 nullius
1240 2130 1324 2157 esse
1339 2121 1534 2168 momenti,

150 2195 262 2224 nemo
286 2187 360 2224 erit
382 2187 475 2235 quin
500 2187 651 2225 sentiat.
701 2186 875 2235 Phaedri,
898 2197 1010 2235 quem
1034 2187 1181 2235 laudat,
1212 2186 1318 2225 locus
1341 2187 1535 2226 invenitur

149 2251 202 2289 ibi
227 2264 264 2300 p.
278 2255 349 2291 261
358 2257 416 2301 A„
441 2265 517 2302 quo
540 2255 625 2292 loco
641 2254 816 2293 Socrates
839 2254 934 2292 haec
958 2258 1018 2292 est
1041 2255 1218 2303 loquens:
1242 2252 1318 2306 Ἆρ’
1339 2251 1405 2291 οὖν
1430 2256 1471 2292 οὐ
1497 2254 1532 2292 τὸ

148 2320 219 2376 μὲν
243 2322 327 2359 ὅλον
351 2320 370 2367 ἧ
404 2321 567 2371 ῥητορικὴ
602 2322 650 2359 ἂν
678 2324 730 2369 εἴη
762 2324 859 2372 τέχνη
896 2326 1117 2372 ψυχαγωγία
1148 2335 1198 2363 τις
1229 2320 1290 2359 διὰ
1323 2322 1460 2371 λόγων,
1493 2323 1533 2360 οὗ

149 2388 262 2434 μόνον
286 2391 327 2425 ἐν
352 2390 591 2440 δικαστηρίοις
622 2391 685 2426 καὶ
715 2389 792 2427 ὅσοι
825 2390 927 2425 ἄλλοι
952 2391 1115 2437 δημόσιοι
1140 2390 1324 2436 σύλλογοι,
1357 2388 1446 2425 ἀλλά
1472 2391 1534 2425 καὶ

152 2454 193 2488 ἐν
217 2456 341 2500 mom
365 2454 432 2492 ubi
456 2458 563 2501 patet
576 2454 695 2493 verba
718 2458 757 2492 ἐν
774 2457 880 2495 ἰδίοις
903 2464 990 2501 non,
1016 2453 1117 2501 quod
1141 2456 1251 2501 putat
1267 2454 1530 2501 Quintilianus,

148 2517 201 2555 ‘in
225 2521 337 2559 rebus
360 2521 519 2568 privatis
542 2532 587 2559 ac
612 2521 858 2569 domesticis',
882 2521 951 2559 sed
965 2521 1019 2557 ‘in
1044 2520 1217 2559 coetibus
1241 2520 1434 2559 hominum
1459 2520 1530 2567 pri-

150 2585 260 2623 vatis*
289 2586 514 2636 significare.
