1799 3119
914 202 969 244 16

244 321 502 366 rhetoricam
533 320 720 366 voluisse
759 333 967 365 coercere.
1022 320 1135 366 Nam
1152 324 1258 366 ‘tota
1286 320 1363 365 illa
1394 321 1630 379 disputatio

243 400 353 445 nihil
384 401 508 445 docet
538 400 677 457 aliud,
715 399 800 444 nisi
830 398 1054 443 Platonem
1086 412 1185 444 cum
1216 399 1423 455 Stagirita
1452 412 1631 444 consen-

243 480 424 524 tientem
456 483 500 524 et
528 480 672 536 ipsum
703 492 773 523 res
806 478 911 522 artis
943 478 1123 522 alicuius
1147 479 1217 524 vel
1248 478 1499 536 disciplinae
1529 492 1631 536 pro-

243 558 364 616 prias
396 572 422 601 a
453 557 622 601 dicendi
652 560 747 601 arte
765 560 940 614 putasse
961 556 1136 601 alienas.
1185 556 1346 610 Quibus
1367 557 1405 619 si
1425 556 1486 612 id,
1518 556 1632 613 quod

244 649 300 681 ex
330 636 385 681 iis
417 635 633 693 sequitur,
673 634 930 691 addidisset,
970 629 1250 692 rhetoricam,
1282 649 1381 681 cum
1412 648 1438 679 a
1468 637 1632 679 sermo-

243 715 371 759 nibus
402 714 457 758 de
487 714 646 758 artium
678 713 832 757 studiis
863 713 1141 770 doctrinaque
1160 713 1368 758 habendis
1390 713 1631 769 abhorreat,

241 792 289 837 in
320 792 450 838 rebus
483 793 538 838 ad
570 806 742 838 sensum
773 792 1027 852 popularem
1057 791 1364 850 vulgaremque
1396 795 1633 837 accommo-

244 872 357 916 datis
378 873 565 929 versari,
591 873 763 916 omnino
778 874 879 915 *non
898 876 1029 928 esset,
1061 872 1175 929 quod
1196 872 1514 929 comparatione
1535 884 1633 916 cum

243 949 477 995 Aristotele
508 950 623 993 facta
654 949 770 1006 apud
800 948 1023 993 Platonem
1056 949 1411 993 desideraremus.

335 1026 453 1079 Quae
485 1032 583 1071 cum
614 1027 679 1071 ita
710 1027 812 1083 sint,
844 1027 924 1070 etsi
956 1027 1062 1071 haec
1091 1027 1270 1085 propria
1288 1026 1535 1073 Aristotelis
1568 1032 1634 1071 est

241 1106 362 1163 laus,
404 1106 518 1163 quod
556 1105 804 1150 dialecticae
844 1106 1061 1150 mentione
1100 1106 1223 1150 illata
1257 1106 1516 1150 rhetoricam
1546 1119 1632 1150 non

242 1185 379 1229 solam
409 1189 500 1229 tam
530 1184 617 1228 late
647 1188 796 1243 patere
829 1184 988 1242 docuit,
1019 1187 1162 1229 cetera
1193 1188 1337 1229 tamen
1367 1184 1456 1228 iam
1486 1183 1631 1228 Plato-

242 1277 343 1307 nem
390 1277 523 1320 aeque
564 1264 672 1308 bene
713 1264 986 1321 perspexisse
1026 1268 1068 1307 et
1106 1264 1158 1307 de
1197 1277 1366 1307 summa
1402 1264 1466 1307 rei
1503 1263 1631 1320 plane

242 1342 357 1387 idem
403 1346 532 1400 atque
550 1342 850 1387 -Aristotelem
897 1342 1105 1397 sensisse
1128 1343 1289 1401 optimo
1330 1342 1424 1387 iure
1462 1341 1632 1387 videtur

240 1434 368 1479 posse
400 1421 614 1465 contendi.

332 1499 543 1552 Quoniam
581 1500 692 1546 hanc
733 1500 786 1546 de
826 1500 1009 1546 materia
1045 1498 1284 1546 rhetoricae
1320 1500 1629 1557 quaestionem,

242 1592 387 1637 quam,
417 1582 468 1622 ut
499 1580 642 1637 operis
674 1580 742 1623 sui
764 1580 1036 1637 Aristoteles,
1065 1580 1128 1623 ita
1157 1592 1237 1623 nos
1268 1577 1463 1637 opusculi
1494 1578 1631 1623 nostri

240 1659 285 1701 in
318 1658 530 1715 principio
555 1658 846 1702 collocandam
869 1672 961 1702 esse
984 1658 1203 1713 duximus,
1235 1658 1340 1701 satis
1363 1658 1629 1701 excussimus

240 1739 369 1794 atque
399 1735 729 1794 illustravimus,
762 1750 840 1792 age
869 1736 957 1780 iam
978 1735 1289 1793 examinemus,
1321 1749 1406 1794 qua
1424 1736 1518 1792 lege
1540 1736 1629 1781 sin-

239 1815 363 1870 gulas
402 1829 592 1871 quasque
632 1828 701 1858 res
739 1816 785 1858 in
824 1815 1082 1858 rhetoricam
1121 1815 1272 1859 cadere
1302 1815 1460 1872 ubique
1492 1819 1630 1859 artem

241 1892 411 1938 dicendi
443 1892 600 1938 habere
631 1893 773 1938 locum
804 1897 982 1951 uterque
1004 1893 1061 1938 sit
1082 1893 1314 1939 arbitratus
1333 1893 1627 1953 philosophus.

240 1970 333 2024 Qua
356 1957 538 2029 ¹quidem
572 1973 625 2016 de
656 1987 704 2016 re
724 1972 982 2017 Aristoteles
1011 1973 1072 2016 sic
1098 1972 1261 2016 iudicat
1283 1971 1333 2029 (I,
1350 1973 1392 2017 2.
1414 1986 1458 2030 p.
1479 1973 1628 2019 1357a

239 2050 429 2106 2.-—7.):
462 2054 606 2096 censet
626 2050 864 2097 rhetoricae
884 2066 1041 2096 munus
1062 2050 1176 2096 circa
1201 2050 1411 2096 eiusmodi
1432 2065 1525 2096 esse
1542 2065 1627 2109 res,

239 2128 292 2172 de
331 2129 486 2186 quibus
526 2130 810 2184 consultetur3
859 2129 1092 2174 consultari
1130 2133 1273 2173 autem
1312 2130 1364 2174 de
1403 2130 1480 2187 iis,
1519 2144 1627 2187 quae

238 2211 420 2265 utroque
459 2208 586 2253 modo
628 2222 674 2253 86
712 2208 870 2253 habere
902 2222 1027 2266 posse
1057 2208 1303 2263 videantur3
1342 2223 1480 2266 neque
1512 2210 1626 2254 eni-m

240 2286 292 2329 de
322 2286 392 2343 iis,
425 2300 534 2344 quae
568 2300 661 2331 esse
692 2300 779 2330 non
810 2286 947 2344 possit
976 2290 1024 2331 ut
1056 2287 1182 2331 aliter
1205 2287 1275 2332 vel
1304 2288 1419 2331 facta
1451 2288 1538 2332 sint
1557 2288 1626 2332 vel

238 2364 384 2409 futura
415 2366 500 2409 sint
524 2365 592 2410 vel
624 2380 669 2410 se
702 2365 901 2422 habeant,
934 2380 1190 2422 quemquam
1224 2367 1486 2420 consultare3
1517 2367 1626 2410 nihil

238 2442 355 2487 enim
390 2442 470 2486 hoc
500 2444 647 2488 iuvare
679 2443 870 2501 nullique
904 2457 997 2488 esse
1029 2444 1126 2487 usui
1159 2442 1311 2498 (οὐδὲν
1342 2447 1423 2501 γὰρ
1456 2444 1624 2501 πλέον).

237 2521 431 2566 Oratoris
472 2526 612 2569 autem
645 2537 776 2581 opera
807 2527 899 2567 tum
937 2537 1190 2581 unaquaque
1221 2523 1266 2567 in
1297 2538 1344 2568 re
1375 2527 1500 2582 putat
1531 2538 1624 2568 esse

236 2615 367 2661 opus,
406 2614 525 2657 cum,
558 2615 665 2657 quae
698 2602 789 2647 eius
823 2603 879 2647 sit
909 2602 1042 2661 ratio,
1073 2616 1159 2647 non
1193 2602 1296 2648 satis
1328 2605 1515 2660 constet,
1548 2603 1622 2648 sed
