1799 3119
780 269 799 273 β
874 207 901 251 9

197 335 241 377 et
286 331 341 374 ad
386 330 542 376 artium
589 328 802 387 principia
847 326 1023 386 patefiat
1061 339 1256 372 accessus
1265 323 1310 383 ²).
1372 327 1578 387 Disputat

195 411 329 468 igitur
373 424 423 456 ac
462 408 636 457 disserit
679 407 924 455 dialecticus
963 421 1113 453 verum
1161 409 1333 453 tentans
1374 410 1417 452 et
1454 407 1577 465 quasi

197 491 453 548 experiendo
486 489 738 545 aggrediens
770 489 822 533 de
854 489 1049 532 omnibus
1079 488 1230 545 rebus,
1263 501 1373 545 quae
1403 488 1449 530 in
1482 487 1575 530 vul-

197 571 289 626 gari
319 570 539 614 hominum
570 570 768 627 opinione
788 571 1015 613 versantur
1046 582 1237 625 quaeque
1268 568 1324 611 ad
1351 580 1576 611 commune

195 649 399 694 iudicium
446 648 779 706 popularemque
824 646 1151 702 intelligentiam
1198 650 1297 691 sunt
1335 659 1575 690 accommo-

197 728 339 781 datae3
380 727 561 770 materia
591 727 682 770 eius
714 726 831 768 nullo
863 728 979 769 certo
1011 739 1165 780 genere
1196 726 1458 782 continetur,
1500 725 1575 769 sed

195 806 462 863 amplissima
508 807 573 848 est
610 808 653 848 et
691 817 819 861 quam
858 803 1069 847 latissime
1106 806 1239 861 patet.
1300 802 1434 848 Plane
1471 818 1573 848 vero

195 883 367 928 easdem
404 896 474 927 res
516 882 687 927 subiicit
721 882 919 938 idemque
951 881 1073 938 quasi
1104 894 1285 937 regnum
1315 881 1424 925 illud
1453 882 1575 925 latis-

195 964 351 1007 simum
383 962 575 1007 coneedit
604 961 756 1019 primis
788 961 887 1004 libri
919 960 986 1004 sui
1020 961 1159 1005 verbis
1190 960 1447 1005 Aristoteles
1479 974 1575 1004 ora-

193 1041 290 1084 tori.
343 1039 493 1096 Itaque
531 1053 626 1084 cum
667 1040 818 1083 ceteris
857 1039 1054 1083 omnibus
1091 1040 1255 1084 artibus
1287 1041 1413 1096 atque
1446 1039 1574 1083 disci—

193 1118 323 1176 plinis
352 1118 458 1162 certi
480 1118 668 1174 quidam,
699 1121 821 1162 extra
842 1132 947 1175 quos
970 1118 1114 1174 egredi
1134 1121 1363 1175 nequeant,
1396 1118 1575 1163 cancelli

195 1197 283 1241 sint
319 1196 561 1253 constituti,
601 1210 687 1240 una
725 1209 822 1240 cum
861 1197 1084 1241 dialectica
1112 1197 1371 1241 rhetoricam
1402 1198 1455 1242 ab
1485 1197 1573 1241 illis

194 1275 274 1319 hac
303 1289 351 1319 re
383 1278 555 1333 separat
585 1278 712 1332 atque
745 1275 944 1331 seiungit,
982 1275 1095 1331 quod
1124 1275 1288 1318 nullam
1320 1289 1392 1319 eas
1425 1275 1574 1319 defini-

193 1358 283 1397 tam
314 1354 470 1398 habere
501 1353 718 1408 regionem
750 1353 895 1409 docet,
927 1353 1047 1397 cuius
1078 1354 1274 1397 terminis
1307 1357 1480 1412 saeptae
1511 1357 1575 1398 te-

193 1435 389 1475 neantur.
444 1431 565 1483 Quod
596 1444 693 1474 cum
725 1432 778 1475 iis
810 1431 966 1487 verbis,
1003 1432 1055 1475 de
1087 1432 1240 1487 quibus
1272 1432 1456 1488 agimus,
1487 1433 1574 1476 iam

193 1508 428 1552 indicatum
460 1509 530 1566 sit,
561 1511 653 1553 tum
684 1509 812 1567 paulo
833 1509 946 1553 inira
978 1508 1028 1566 (I,
1050 1509 1093 1553 2.
1115 1523 1158 1567 p.
1179 1509 1333 1553 1355b
1366 1510 1438 1554 28.
1462 1510 1573 1568 sqq.)

195 1573 404 1645 exemplis
441 1587 684 1632 illustratur
721 1588 1017 1645 copiosiusque
1055 1588 1169 1631 hunc
1207 1588 1253 1631 in
1292 1589 1468 1632 modum
1499 1603 1575 1633 ex-

193 1666 389 1725 ponitur-z
423 1670 522 1711 Τῶν
552 1663 638 1724 γὰρ
670 1664 823 1710 ἄλλων
854 1666 1051 1722 (τεχνῶν)
1084 1665 1240 1725 ἑκάστη
1272 1665 1443 1724 περὶτὰ
1467 1666 1577 1730 αὐτῇ

194 1743 483 1803 ὑποκείμενόν
513 1745 603 1788 ἐστι
635 1743 923 1802 διδασκαλικῆ
958 1749 1030 1788 καὶ
1052 1744 1260 1801 πειστική,
1292 1744 1387 1789 οἷον
1406 1735 1574 1804 ἶατρικῆ

195 1828 293 1880 περὶ
332 1822 520 1878 ὑγιεινὸν
555 1828 629 1868 καὶ
661 1822 845 1882 νοσερὸν
875 1828 949 1867 καὶ
979 1828 1218 1882 γεωμετρία
1250 1829 1348 1881 περὶ
1378 1824 1433 1868 τὰ
1464 1836 1574 1883 συμ-

193 1900 410 1960 βεβηκότα
433 1901 567 1960 πάθη
588 1909 679 1952 τοῖς
698 1905 907 1959 μεγέθεσι
926 1907 1001 1946 καὶ
1022 1887 1290 1960 α’ριθμητικὴ
1315 1907 1414 1959 περὶ
1434 1899 1576 1961 α’ριθ-

193 1979 302 2038 μόν,
342 1977 501 2037 ὁμοίως
540 1981 591 2024 δὲ
620 1984 695 2023 καὶ
724 1978 772 2022 αἳ
802 1980 954 2024 λοιπαὶ
983 1982 1070 2023 τῶν
1101 1982 1264 2034 τεχνῶν
1294 1984 1369 2023 καὶ
1398 1981 1575 2038 ἐπιστη-

194 2060 307 2116 μῶν·
341 2057 366 2116 ἢ
399 2059 448 2102 δὲ
480 2056 680 2116 ῥητορικὴ
715 2062 813 2115 περὶ
843 2059 921 2102 τοῦ
954 2059 1168 2108 δοθέντος
1199 2055 1256 2109 ὦς
1288 2059 1428 2102 εἰπεῖν
1454 2059 1579 2103 δοκεῖ·

194 2137 424 2181 δύνασθαι
466 2140 657 2193 θεωρεῖν
694 2134 743 2180 τὸ
784 2134 994 2180 πιθανόν.
1048 2134 1116 2180 διὸ
1155 2139 1229 2180 καί
1260 2152 1409 2193 φαμεν
1440 2136 1577 2196 αὐτὴν

195 2213 251 2259 οὔ
292 2217 389 2271 περί
427 2232 467 2258 τι
497 2217 622 2268 γένος
653 2215 770 2259 ἴδιον
796 2213 1110 2273 ἀφωρισμένον
1140 2214 1256 2271 ἔχειν
1285 2214 1333 2258 τὸ
1366 2216 1577 2272 τεχνικόν.

195 2294 327 2339 Cuius
373 2294 457 2338 loci
494 2294 626 2338 verba
672 2298 865 2338 extrema
911 2308 1008 2339 cum
1055 2295 1146 2338 sine
1185 2294 1273 2338 ulla
1311 2294 1576 2340 dubitatione

195 2374 457 2431 principium
489 2372 620 2417 totius
651 2373 749 2418 libri
780 2373 1027 2431 respiciant,
1059 2373 1138 2417 hoc
1167 2386 1245 2416 nos
1270 2372 1437 2430 docent,
1470 2375 1575 2419 scri-

194 2456 363 2509 ptorem
394 2452 456 2496 ibi
486 2452 600 2496 idem
632 2452 744 2509 quod
776 2452 845 2495 hic
875 2452 1035 2495 dixisse
1067 2452 1145 2495 sibi
1177 2452 1321 2496 visum
1351 2466 1459 2497 esse.
1511 2452 1575 2496 Ea

272 2616 301 2662 ²)
335 2615 728 2665 Of.Trende1enburg.
752 2618 870 2656 Elem.
888 2618 1000 2665 logie.
1014 2616 1208 2657 Aristotel.
1222 2619 1387 2657 adnotat.
1405 2618 1453 2654 ad
1469 2620 1500 2661 ξ.
1514 2618 1575 2657 33.
