1799 3119
835 182 889 225 13

172 305 232 365 (p.
248 304 337 349 457
351 301 448 360 A.):
480 296 668 354 δυὺατὸς
697 306 778 361 μὲν
806 301 889 362 γὰρ
921 301 1028 361 πρὸς
1058 303 1259 356 ἅπαντάς
1289 302 1404 347 ἐστιν
1425 300 1450 347 ὃ
1473 301 1553 364 ῥή-

171 376 257 441 ξεωῤ
298 386 372 426 καὶ
411 387 510 439 περὶ
550 379 715 434 παντὸς
753 382 912 437 λέγειν,
936 383 1059 426 ὥστε
1098 383 1404 440 πιθανώτερος
1439 384 1553 426 εἶναι

172 463 222 506 ἐν
249 469 340 513 τοῖς
370 461 590 519 πλήθεσιν
620 459 817 520 ἔμβραχυ
846 465 945 517 περὶ
974 461 1077 505 ὅτου
1107 463 1165 506 ἄν
1192 460 1419 518 βούληται.
1464 459 1551 504 De-

171 540 270 586 inde
301 550 402 584 vero
435 539 538 596 quia
566 538 707 596 addit,
744 539 878 584 nihilo
908 539 1051 584 minus
1081 543 1196 585 reete
1228 553 1278 584 ac
1308 539 1422 583 iuste
1453 537 1551 583 rhe-

170 620 308 664 torica
345 630 438 662 esse
476 617 683 662 utendum
722 631 930 675 suumque
960 619 1113 675 cuique
1145 619 1229 662 arti
1258 616 1551 673 tribuendum,

170 699 216 742 in
254 697 364 742 116116
402 696 718 754 quaestionem,
756 710 862 741 num
898 697 1035 755 possit
1072 696 1245 741 omnino
1283 700 1427 741 orator
1458 698 1552 740 arte

171 769 249 820 sua
286 775 398 819 male
434 775 521 832 uti,
561 778 677 819 totus
710 786 850 819 sermo
882 774 994 831 abit,
1033 788 1083 819 66
1113 788 1168 818 116
1198 778 1349 832 postea
1379 775 1552 831 quidem

170 854 305 899 ullum
334 867 414 913 per
442 845 582 899 totum
613 853 831 910 dialogum
861 853 915 899 de
945 866 996 898 ea
1027 867 1096 911 re,
1132 866 1263 911 quam
1293 852 1553 910 quaerimus,

169 933 347 978 verbum
387 925 598 978 adiicitur.
652 933 853 978 Dubitari
892 933 1027 989 igitur
1056 932 1218 991 possit,
1261 945 1346 989 qua
1376 931 1423 975 in
1455 943 1552 975 sen-

168 1014 304 1057 tentia
341 1014 435 1071 ipse
466 1013 590 1058 Plato
624 1013 757 1058 fuisse
786 1013 1004 1072 putandus
1036 1013 1114 1069 sit,
1153 1012 1283 1069 idque
1314 1025 1364 1055 eo
1396 1011 1550 1066 magis,

169 1090 281 1147 quod
311 1091 359 1134 in
389 1090 524 1135 altero
554 1091 653 1147 illo,
693 1092 767 1148 qui
796 1090 1015 1135 Phaedrus
1046 1090 1322 1146 inscribitur,
1353 1089 1464 1134 libro
1496 1088 1551 1133 de

167 1170 350 1213 materia
387 1169 624 1214 rhetoricae
662 1183 749 1213 non
786 1169 1043 1227 disputatur.
1098 1169 1261 1213 Verum
1300 1168 1417 1212 enim
1445 1180 1549 1211 vero

167 1260 272 1291 num
296 1248 495 1304 cuiquam
516 1247 718 1293 credibile
739 1247 951 1304 videatur,
982 1247 1092 1292 hanc
1113 1246 1422 1305 quaestionem,
1453 1257 1551 1290 cum

167 1338 246 1383 per
276 1329 414 1370 totum
445 1339 605 1384 paene,
643 1326 717 1384 qui
748 1318 845 1370 611111
876 1324 1036 1381 Gorgia
1066 1324 1269 1382 habetur,
1308 1336 1551 1369 sermonem

167 1405 452 1460 continuetur*
485 1418 735 1463 summoque
775 1404 914 1449 studio
954 1404 1219 1462 excutiatur,
1268 1407 1412 1448 tamen
1449 1406 1550 1462 post

167 1486 258 1526 tam
303 1482 475 1539 longam
522 1483 875 1542 disceptationem
920 1483 967 1527 in
1013 1484 1154 1528 medio
1193 1495 1287 1528 esse
1323 1481 1548 1527 relictam?

166 1561 317 1606 Nonne
353 1562 400 1605 id
435 1562 602 1619 ipsum,
641 1563 755 1619 quod
793 1563 1006 1607 sententia
1042 1562 1119 1606 illa
1156 1563 1212 1606 ad
1250 1566 1491 1606 extremum
1523 1575 1549 1604 a

168 1639 360 1697 sophista
394 1640 615 1698 proposita
643 1652 699 1684 ne
729 1640 859 1685 verbo
893 1640 1065 1697 quidem
1097 1653 1123 1683 a
1153 1639 1328 1684 Socrate
1358 1642 1550 1684 tentatur

168 1722 242 1762 aut
272 1718 574 1776 impugnatur,
606 1719 728 1775 signo
760 1733 810 1764 66
840 1719 1093 1764 documento
1125 1722 1212 1775 est,
1243 1718 1353 1763 hanc
1383 1719 1474 1763 fere
1505 1722 1549 1763 61

165 1796 302 1855 ipsius
339 1796 532 1841 Platonis
578 1797 712 1843 fuisse
757 1797 1029 1856 opinionem?
1082 1797 1204 1850 Quod
1244 1797 1361 1842 idem
1400 1796 1548 1841 multis

166 1874 263 1918 aliis
309 1874 586 1920 confirmatur
632 1877 910 1931 argumentis.
971 1875 1166 1920 Primum
1212 1876 1385 1932 quidem
1429 1876 1548 1920 106116

164 1951 260 2010 1116,
299 1944 426 2010 (suem
466 1967 597 2012 supra
630 1953 920 2009 laudavimus,
962 1968 1045 2011 quo
1077 1953 1320 2011 quaeritur,
1357 1966 1463 1997 num
1493 1953 1547 1997 de

164 2031 219 2074 iis
250 2034 443 2089 1611111111,
483 2046 591 2090 quae
623 2032 709 2076 sint
738 2032 853 2090 iusta
883 2035 958 2076 aut
987 2032 1170 2087 iniusta,
1209 2032 1370 2075 oratori
1401 2032 1545 2076 dicen-

166 2109 266 2154 dum
305 2111 384 2169 sit,
423 2124 552 2168 quam
583 2111 900 2156 evidentissime
930 2110 1216 2167 demonstrat,
1253 2109 1438 2154 multum
1469 2111 1545 2156 ab·

168 2187 316 2246 fuisse,
348 2193 397 2234 ut
426 2188 598 2235 Platoni
628 2191 757 2236 certis
786 2190 943 2236 finibus
974 2189 1142 2235 dicendi
1162 2203 1232 2233 ars
1252 2189 1546 2235 circumscribi

165 2279 291 2324 posse
322 2268 553 2313 videretur.
615 2268 738 2314 Facit
776 2270 891 2315 enim
927 2269 1146 2315 Socratem
1186 2268 1247 2313 ibi
1285 2268 1345 2325 (p.
1366 2268 1457 2313 455
1467 2268 1544 2323 B.)

166 2344 279 2391 hunc
309 2347 355 2391 in
384 2347 562 2392 modum
590 2347 854 2406 loquentem:
887 2348 925 2393 si
946 2361 1095 2393 verum
1127 2346 1198 2403 sit,
1228 2345 1343 2403 quod
1363 2344 1545 2403 Gorgias

167 2412 389 2483 statuerit,
436 2440 574 2484 neque
620 2440 718 2472 cum
761 2431 836 2471 aut
873 2427 925 2470 de
962 2426 1127 2470 medico
1165 2428 1242 2469 aut
1260 2428 1265 2432 ’
1280 2425 1334 2470 de
1370 2427 1544 2470 navium

165 2504 395 2549 architecto
411 2490 501 2549 ⁶aut
532 2506 585 2550 de
616 2506 711 2550 aliis
743 2504 964 2563 opificibus
993 2504 1177 2563 publicis
1209 2504 1416 2561 eligendis
1437 2504 1542 2548 deli-

165 2579 359 2642 beretur,
397 2597 536 2643 neque
573 2588 647 2629 6111
684 2584 737 2630 de
776 2584 912 2629 muris
949 2582 1224 2630 aedificandis
1255 2588 1330 2631 aut
1358 2584 1411 2629 de
1440 2596 1542 2642 por-
