<?xml version="1.0" encoding="UTF-8"?>
<!DOCTYPE html PUBLIC "-//W3C//DTD XHTML 1.0 Transitional//EN"
    "http://www.w3.org/TR/xhtml1/DTD/xhtml1-transitional.dtd">
<html xmlns="http://www.w3.org/1999/xhtml" xml:lang="en" lang="en">
 <head>
  <title>
</title>
<meta http-equiv="Content-Type" content="text/html;charset=utf-8" />
  <meta name='ocr-system' content='tesseract 3.04.00' />
  <meta name='ocr-capabilities' content='ocr_page ocr_carea ocr_par ocr_line ocrx_word'/>
</head>
<body>
  <div class='ocr_page' id='page_1' title='image "4737186_0033.png"; bbox 0 0 1799 3119; ppageno 0'>
   <div class='ocr_carea' id='block_1_1' title="bbox 797 180 856 226">
    <p class='ocr_par' dir='ltr' id='par_1_1' title="bbox 797 180 856 226">
     <span class='ocr_line' id='line_1_1' title="bbox 797 180 856 226; baseline 0.017 -1"><span class='ocrx_word' id='word_1_1' title='bbox 797 180 856 226; x_wconf 88' lang='lat'><strong>23</strong></span> 
     </span>
    </p>
   </div>
   <div class='ocr_carea' id='block_1_2' title="bbox 711 239 928 247">
    <p class='ocr_par' dir='ltr' id='par_1_2' title="bbox 711 239 928 247">
     <span class='ocr_line' id='line_1_2' title="bbox 711 239 928 247; baseline 0 2872"><span class='ocrx_word' id='word_1_2' title='bbox 711 239 928 247; x_wconf 95' lang='lat' dir='ltr'><strong> </strong></span> 
     </span>
    </p>
   </div>
   <div class='ocr_carea' id='block_1_3' title="bbox 113 300 1513 2648">
    <p class='ocr_par' dir='ltr' id='par_1_3' title="bbox 116 300 1513 1217">
     <span class='ocr_line' id='line_1_3' title="bbox 127 300 1513 361; baseline 0.001 -12"><span class='ocrx_word' id='word_1_3' title='bbox 127 314 247 349; x_wconf 89' lang='lat' dir='ltr'><strong>mum</strong></span> <span class='ocrx_word' id='word_1_4' title='bbox 284 301 583 360; x_wconf 82' lang='lat' dir='ltr'><strong>gravissimam</strong></span> <span class='ocrx_word' id='word_1_5' title='bbox 618 300 727 348; x_wconf 87' lang='lat' dir='ltr'><strong>hanc</strong></span> <span class='ocrx_word' id='word_1_6' title='bbox 758 301 1052 361; x_wconf 85' lang='lat' dir='ltr'><strong>quaestionem</strong></span> <span class='ocrx_word' id='word_1_7' title='bbox 1083 301 1335 349; x_wconf 74' lang='lat' dir='ltr'>excussisse.</span> <span class='ocrx_word' id='word_1_8' title='bbox 1399 304 1513 350; x_wconf 90' lang='lat' dir='ltr'><strong>Nam</strong></span> 
     </span>
     <span class='ocr_line' id='line_1_4' title="bbox 126 382 1511 442; baseline 0.002 -16"><span class='ocrx_word' id='word_1_9' title='bbox 126 382 316 441; x_wconf 89' lang='lat' dir='ltr'><strong>primum</strong></span> <span class='ocrx_word' id='word_1_10' title='bbox 354 382 526 440; x_wconf 88' lang='lat' dir='ltr'><strong>quidem</strong></span> <span class='ocrx_word' id='word_1_11' title='bbox 566 382 802 442; x_wconf 83' lang='lat' dir='ltr'><strong>sophistas,</strong></span> <span class='ocrx_word' id='word_1_12' title='bbox 843 384 917 442; x_wconf 91' lang='lat' dir='ltr'><strong>qui</strong></span> <span class='ocrx_word' id='word_1_13' title='bbox 953 383 1055 441; x_wconf 89' lang='lat' dir='ltr'><strong>soli,</strong></span> <span class='ocrx_word' id='word_1_14' title='bbox 1096 386 1305 442; x_wconf 87' lang='lat' dir='ltr'><strong>quantum</strong></span> <span class='ocrx_word' id='word_1_15' title='bbox 1337 384 1511 442; x_wconf 89' lang='lat' dir='ltr'><strong>scimus,</strong></span> 
     </span>
     <span class='ocr_line' id='line_1_5' title="bbox 127 462 1510 521; baseline 0.001 -15"><span class='ocrx_word' id='word_1_16' title='bbox 127 463 254 507; x_wconf 88' lang='lat' dir='ltr'><strong>antea</strong></span> <span class='ocrx_word' id='word_1_17' title='bbox 295 464 410 507; x_wconf 87' lang='lat' dir='ltr'><strong>artes</strong></span> <span class='ocrx_word' id='word_1_18' title='bbox 448 462 811 521; x_wconf 75' lang='lat' dir='ltr'><strong>conscripserant,</strong></span> <span class='ocrx_word' id='word_1_19' title='bbox 858 464 1151 509; x_wconf 79' lang='lat' dir='ltr'><strong>diversitatem</strong></span> <span class='ocrx_word' id='word_1_20' title='bbox 1174 463 1334 520; x_wconf 86' lang='lat' dir='ltr'><strong>illam,</strong></span> <span class='ocrx_word' id='word_1_21' title='bbox 1382 478 1510 520; x_wconf 87' lang='lat' dir='ltr'><strong>quam</strong></span> 
     </span>
     <span class='ocr_line' id='line_1_6' title="bbox 125 541 1511 601; baseline 0.001 -17"><span class='ocrx_word' id='word_1_22' title='bbox 125 541 239 585; x_wconf 88' lang='lat' dir='ltr'><strong>inter</strong></span> <span class='ocrx_word' id='word_1_23' title='bbox 273 541 532 586; x_wconf 81' lang='lat' dir='ltr'><strong>rhetoricam</strong></span> <span class='ocrx_word' id='word_1_24' title='bbox 563 544 606 586; x_wconf 88' lang='lat' dir='ltr'><strong>et</strong></span> <span class='ocrx_word' id='word_1_25' title='bbox 635 542 851 587; x_wconf 82' lang='lat' dir='ltr'><strong>doctrinas</strong></span> <span class='ocrx_word' id='word_1_26' title='bbox 882 542 1214 601; x_wconf 81' lang='lat' dir='ltr'><strong>disciplinasque</strong></span> <span class='ocrx_word' id='word_1_27' title='bbox 1244 542 1511 587; x_wconf 84' lang='lat' dir='ltr'><strong>intercedere</strong></span> 
     </span>
     <span class='ocr_line' id='line_1_7' title="bbox 124 618 1510 679; baseline 0.001 -15"><span class='ocrx_word' id='word_1_28' title='bbox 124 620 250 665; x_wconf 89' lang='lat' dir='ltr'><strong>docet</strong></span> <span class='ocrx_word' id='word_1_29' title='bbox 278 618 422 677; x_wconf 85' lang='lat' dir='ltr'><strong>Plato,</strong></span> <span class='ocrx_word' id='word_1_30' title='bbox 461 624 576 666; x_wconf 90' lang='lat' dir='ltr'><strong>recte</strong></span> <span class='ocrx_word' id='word_1_31' title='bbox 614 621 888 679; x_wconf 80' lang='lat' dir='ltr'><strong>perspexisse</strong></span> <span class='ocrx_word' id='word_1_32' title='bbox 924 625 1000 666; x_wconf 91' lang='lat' dir='ltr'><strong>aut</strong></span> <span class='ocrx_word' id='word_1_33' title='bbox 1038 622 1090 667; x_wconf 89' lang='lat' dir='ltr'><strong>de</strong></span> <span class='ocrx_word' id='word_1_34' title='bbox 1120 622 1202 666; x_wconf 87' lang='lat' dir='ltr'><strong>hac</strong></span> <span class='ocrx_word' id='word_1_35' title='bbox 1231 636 1280 667; x_wconf 89' lang='lat' dir='ltr'><strong>re</strong></span> <span class='ocrx_word' id='word_1_36' title='bbox 1311 624 1510 666; x_wconf 86' lang='lat' dir='ltr'><strong>accurate</strong></span> 
     </span>
     <span class='ocr_line' id='line_1_8' title="bbox 116 698 1508 758; baseline 0.001 -15"><span class='ocrx_word' id='word_1_37' title='bbox 116 698 402 756; x_wconf 77' lang='lat' dir='ltr'><strong>quaesivisse,</strong></span> <span class='ocrx_word' id='word_1_38' title='bbox 432 712 511 758; x_wconf 89' lang='lat' dir='ltr'><strong>per</strong></span> <span class='ocrx_word' id='word_1_39' title='bbox 540 713 588 744; x_wconf 91' lang='lat' dir='ltr'><strong>se</strong></span> <span class='ocrx_word' id='word_1_40' title='bbox 611 711 766 758; x_wconf 87' lang='lat' dir='ltr'><strong>parum</strong></span> <span class='ocrx_word' id='word_1_41' title='bbox 787 702 854 744; x_wconf 87' lang='lat' dir='ltr'><strong>est</strong></span> <span class='ocrx_word' id='word_1_42' title='bbox 872 699 1088 745; x_wconf 84' lang='lat' dir='ltr'><strong>credibile.</strong></span> <span class='ocrx_word' id='word_1_43' title='bbox 1129 698 1295 745; x_wconf 86' lang='lat' dir='ltr'><strong>Deinde</strong></span> <span class='ocrx_word' id='word_1_44' title='bbox 1317 699 1356 746; x_wconf 88' lang='lat' dir='ltr'><strong>si</strong></span> <span class='ocrx_word' id='word_1_45' title='bbox 1377 712 1508 758; x_wconf 85' lang='lat' dir='ltr'><strong>quae-</strong></span> 
     </span>
     <span class='ocr_line' id='line_1_9' title="bbox 122 778 1506 835; baseline 0 -12"><span class='ocrx_word' id='word_1_46' title='bbox 122 778 252 823; x_wconf 88' lang='lat' dir='ltr'><strong>stioni</strong></span> <span class='ocrx_word' id='word_1_47' title='bbox 289 778 389 822; x_wconf 89' lang='lat' dir='ltr'><strong>huic</strong></span> <span class='ocrx_word' id='word_1_48' title='bbox 426 792 453 821; x_wconf 89' lang='lat' dir='ltr'><strong>a</strong></span> <span class='ocrx_word' id='word_1_49' title='bbox 491 778 706 835; x_wconf 86' lang='lat' dir='ltr'><strong>prioribus</strong></span> <span class='ocrx_word' id='word_1_50' title='bbox 744 778 832 822; x_wconf 87' lang='lat' dir='ltr'><strong>iam</strong></span> <span class='ocrx_word' id='word_1_51' title='bbox 870 778 1137 822; x_wconf 85' lang='lat' dir='ltr'><strong>satisfactum</strong></span> <span class='ocrx_word' id='word_1_52' title='bbox 1167 778 1344 834; x_wconf 74' lang='lat' dir='ltr'><strong>fuisset,</strong></span> <span class='ocrx_word' id='word_1_53' title='bbox 1383 778 1506 823; x_wconf 77' lang='lat' dir='ltr'><strong>Plato</strong></span> 
     </span>
     <span class='ocr_line' id='line_1_10' title="bbox 124 854 1508 914; baseline -0.001 -14"><span class='ocrx_word' id='word_1_54' title='bbox 124 859 238 913; x_wconf 85' lang='lat' dir='ltr'><strong>tota,</strong></span> <span class='ocrx_word' id='word_1_55' title='bbox 286 868 414 913; x_wconf 85' lang='lat' dir='ltr'><strong>quam</strong></span> <span class='ocrx_word' id='word_1_56' title='bbox 458 855 505 900; x_wconf 92' lang='lat' dir='ltr'><strong>in</strong></span> <span class='ocrx_word' id='word_1_57' title='bbox 546 854 706 912; x_wconf 86' lang='lat' dir='ltr'><strong>Gorgia</strong></span> <span class='ocrx_word' id='word_1_58' title='bbox 750 856 963 912; x_wconf 82' lang='lat' dir='ltr'><strong>instituit,</strong></span> <span class='ocrx_word' id='word_1_59' title='bbox 1009 855 1298 914; x_wconf 85' lang='lat' dir='ltr'><strong>disputatione</strong></span> <span class='ocrx_word' id='word_1_60' title='bbox 1339 858 1508 913; x_wconf 88' lang='lat' dir='ltr'><strong>poterat</strong></span> 
     </span>
     <span class='ocr_line' id='line_1_11' title="bbox 122 934 1508 994; baseline 0 -14"><span class='ocrx_word' id='word_1_61' title='bbox 122 935 420 994; x_wconf 87' lang='lat' dir='ltr'><strong>supersedere;</strong></span> <span class='ocrx_word' id='word_1_62' title='bbox 468 935 571 993; x_wconf 92' lang='lat' dir='ltr'><strong>quid</strong></span> <span class='ocrx_word' id='word_1_63' title='bbox 613 935 728 981; x_wconf 91' lang='lat' dir='ltr'><strong>enim</strong></span> <span class='ocrx_word' id='word_1_64' title='bbox 770 935 924 981; x_wconf 86' lang='lat' dir='ltr'><strong>attinet</strong></span> <span class='ocrx_word' id='word_1_65' title='bbox 962 936 1057 979; x_wconf 86' lang='lat' dir='ltr'><strong>acta</strong></span> <span class='ocrx_word' id='word_1_66' title='bbox 1094 934 1249 991; x_wconf 83' lang='lat' dir='ltr'><strong>agere?</strong></span> <span class='ocrx_word' id='word_1_67' title='bbox 1310 934 1508 992; x_wconf 90' lang='lat' dir='ltr'><strong>Denique</strong></span> 
     </span>
     <span class='ocr_line' id='line_1_12' title="bbox 122 1014 1506 1071; baseline 0 -14"><span class='ocrx_word' id='word_1_68' title='bbox 122 1014 241 1071; x_wconf 87' lang='lat' dir='ltr'><strong>haec,</strong></span> <span class='ocrx_word' id='word_1_69' title='bbox 273 1015 312 1058; x_wconf 88' lang='lat' dir='ltr'><strong>si</strong></span> <span class='ocrx_word' id='word_1_70' title='bbox 342 1015 395 1059; x_wconf 83' lang='lat' dir='ltr'><strong>ab</strong></span> <span class='ocrx_word' id='word_1_71' title='bbox 426 1014 522 1059; x_wconf 82' lang='lat' dir='ltr'><strong>aliis</strong></span> <span class='ocrx_word' id='word_1_72' title='bbox 551 1014 735 1060; x_wconf 89' lang='lat' dir='ltr'><strong>fuissent</strong></span> <span class='ocrx_word' id='word_1_73' title='bbox 765 1015 1022 1071; x_wconf 84' lang='lat' dir='ltr'><strong>excogitata,</strong></span> <span class='ocrx_word' id='word_1_74' title='bbox 1054 1028 1081 1058; x_wconf 88' lang='lat' dir='ltr'><strong>a</strong></span> <span class='ocrx_word' id='word_1_75' title='bbox 1112 1027 1158 1058; x_wconf 91' lang='lat' dir='ltr'><strong>se</strong></span> <span class='ocrx_word' id='word_1_76' title='bbox 1187 1014 1284 1071; x_wconf 91' lang='lat' dir='ltr'><strong>ipso</strong></span> <span class='ocrx_word' id='word_1_77' title='bbox 1316 1027 1410 1058; x_wconf 87' lang='lat' dir='ltr'><strong>esse</strong></span> <span class='ocrx_word' id='word_1_78' title='bbox 1437 1014 1506 1057; x_wconf 94' lang='lat' dir='ltr'><strong>in-</strong></span> 
     </span>
     <span class='ocr_line' id='line_1_13' title="bbox 119 1092 1505 1147; baseline 0.001 -10"><span class='ocrx_word' id='word_1_79' title='bbox 119 1095 248 1138; x_wconf 88' lang='lat' dir='ltr'><strong>venta</strong></span> <span class='ocrx_word' id='word_1_80' title='bbox 278 1096 393 1138; x_wconf 89' lang='lat' dir='ltr'><strong>certe</strong></span> <span class='ocrx_word' id='word_1_81' title='bbox 422 1107 509 1138; x_wconf 93' lang='lat' dir='ltr'><strong>non</strong></span> <span class='ocrx_word' id='word_1_82' title='bbox 540 1094 796 1139; x_wconf 86' lang='lat' dir='ltr'><strong>simulasset.</strong></span> <span class='ocrx_word' id='word_1_83' title='bbox 840 1094 1003 1147; x_wconf 87' lang='lat' dir='ltr'><strong>Quibus</strong></span> <span class='ocrx_word' id='word_1_84' title='bbox 1034 1093 1087 1138; x_wconf 91' lang='lat' dir='ltr'><strong>de</strong></span> <span class='ocrx_word' id='word_1_85' title='bbox 1118 1093 1259 1139; x_wconf 88' lang='lat' dir='ltr'><strong>causis</strong></span> <span class='ocrx_word' id='word_1_86' title='bbox 1280 1093 1391 1138; x_wconf 87' lang='lat' dir='ltr'><strong>hane</strong></span> <span class='ocrx_word' id='word_1_87' title='bbox 1411 1092 1505 1138; x_wconf 90' lang='lat' dir='ltr'><strong>iure</strong></span> 
     </span>
     <span class='ocr_line' id='line_1_14' title="bbox 120 1171 1040 1217; baseline 0 -1"><span class='ocrx_word' id='word_1_88' title='bbox 120 1172 311 1217; x_wconf 86' lang='lat' dir='ltr'><strong>tribuere</strong></span> <span class='ocrx_word' id='word_1_89' title='bbox 339 1172 448 1216; x_wconf 84' lang='lat' dir='ltr'><strong>mihi</strong></span> <span class='ocrx_word' id='word_1_90' title='bbox 476 1172 626 1217; x_wconf 86' lang='lat' dir='ltr'><strong>videor</strong></span> <span class='ocrx_word' id='word_1_91' title='bbox 655 1172 828 1216; x_wconf 89' lang='lat' dir='ltr'><strong>laudem</strong></span> <span class='ocrx_word' id='word_1_92' title='bbox 856 1171 1040 1216; x_wconf 89' lang='lat' dir='ltr'><strong>Platoni.</strong></span> 
     </span>
    </p>

    <p class='ocr_par' dir='ltr' id='par_1_4' title="bbox 113 1250 1506 2648">
     <span class='ocr_line' id='line_1_15' title="bbox 209 1250 1504 1309; baseline 0 -13"><span class='ocrx_word' id='word_1_93' title='bbox 209 1250 330 1296; x_wconf 87' lang='lat' dir='ltr'><strong>Finis</strong></span> <span class='ocrx_word' id='word_1_94' title='bbox 362 1252 522 1296; x_wconf 87' lang='lat' dir='ltr'><strong>oratori</strong></span> <span class='ocrx_word' id='word_1_95' title='bbox 552 1252 800 1309; x_wconf 89' lang='lat' dir='ltr'><strong>propositus</strong></span> <span class='ocrx_word' id='word_1_96' title='bbox 833 1251 988 1306; x_wconf 78' lang='grc' dir='ltr'><strong>(τέλος)</strong></span> <span class='ocrx_word' id='word_1_97' title='bbox 1019 1263 1318 1307; x_wconf 89' lang='lat' dir='ltr'><strong>summumque</strong></span> <span class='ocrx_word' id='word_1_98' title='bbox 1338 1255 1383 1296; x_wconf 91' lang='lat' dir='ltr'><strong>et</strong></span> <span class='ocrx_word' id='word_1_99' title='bbox 1403 1252 1504 1296; x_wconf 92' lang='lat' dir='ltr'><strong>ulti-</strong></span> 
     </span>
     <span class='ocr_line' id='line_1_16' title="bbox 119 1329 1506 1388; baseline 0 -14"><span class='ocrx_word' id='word_1_100' title='bbox 119 1343 254 1387; x_wconf 90' lang='lat' dir='ltr'><strong>mum,</strong></span> <span class='ocrx_word' id='word_1_101' title='bbox 286 1343 369 1387; x_wconf 91' lang='lat' dir='ltr'><strong>quo</strong></span> <span class='ocrx_word' id='word_1_102' title='bbox 401 1332 492 1374; x_wconf 88' lang='lat' dir='ltr'><strong>tota</strong></span> <span class='ocrx_word' id='word_1_103' title='bbox 524 1330 614 1374; x_wconf 87' lang='lat' dir='ltr'><strong>eius</strong></span> <span class='ocrx_word' id='word_1_104' title='bbox 646 1343 716 1374; x_wconf 89' lang='lat' dir='ltr'><strong>ars</strong></span> <span class='ocrx_word' id='word_1_105' title='bbox 748 1329 897 1374; x_wconf 88' lang='lat' dir='ltr'><strong>tendat</strong></span> <span class='ocrx_word' id='word_1_106' title='bbox 927 1329 1123 1386; x_wconf 89' lang='lat' dir='ltr'><strong>quodque</strong></span> <span class='ocrx_word' id='word_1_107' title='bbox 1145 1329 1314 1374; x_wconf 86' lang='lat' dir='ltr'><strong>studeat</strong></span> <span class='ocrx_word' id='word_1_108' title='bbox 1334 1343 1506 1388; x_wconf 89' lang='lat' dir='ltr'><strong>semper</strong></span> 
     </span>
     <span class='ocr_line' id='line_1_17' title="bbox 118 1407 1503 1466; baseline 0.001 -14"><span class='ocrx_word' id='word_1_109' title='bbox 118 1408 342 1466; x_wconf 86' lang='lat' dir='ltr'><strong>consequi,</strong></span> <span class='ocrx_word' id='word_1_110' title='bbox 375 1411 419 1452; x_wconf 89' lang='lat' dir='ltr'><strong>et</strong></span> <span class='ocrx_word' id='word_1_111' title='bbox 448 1422 502 1452; x_wconf 86' lang='lat' dir='ltr'><strong>ex</strong></span> <span class='ocrx_word' id='word_1_112' title='bbox 533 1407 724 1452; x_wconf 88' lang='lat' dir='ltr'><strong>Platonis</strong></span> <span class='ocrx_word' id='word_1_113' title='bbox 756 1411 799 1452; x_wconf 88' lang='lat' dir='ltr'><strong>ct</strong></span> <span class='ocrx_word' id='word_1_114' title='bbox 830 1422 884 1452; x_wconf 83' lang='lat' dir='ltr'><strong>ex</strong></span> <span class='ocrx_word' id='word_1_115' title='bbox 913 1407 1163 1453; x_wconf 86' lang='lat' dir='ltr'><strong>Aristotelis</strong></span> <span class='ocrx_word' id='word_1_116' title='bbox 1195 1409 1406 1454; x_wconf 83' lang='lat' dir='ltr'><strong>sententia</strong></span> <span class='ocrx_word' id='word_1_117' title='bbox 1436 1412 1503 1453; x_wconf 89' lang='lat' dir='ltr'><strong>est</strong></span> 
     </span>
     <span class='ocr_line' id='line_1_18' title="bbox 117 1486 1500 1546; baseline 0 -14"><span class='ocrx_word' id='word_1_118' title='bbox 117 1487 392 1546; x_wconf 88' lang='lat' dir='ltr'><strong>persuadere,</strong></span> <span class='ocrx_word' id='word_1_119' title='bbox 422 1487 452 1532; x_wconf 92' lang='lat' dir='ltr'><strong>i.</strong></span> <span class='ocrx_word' id='word_1_120' title='bbox 476 1500 512 1532; x_wconf 91' lang='lat' dir='ltr'><strong>e.</strong></span> <span class='ocrx_word' id='word_1_121' title='bbox 545 1500 634 1545; x_wconf 89' lang='lat' dir='ltr'><strong>eos,</strong></span> <span class='ocrx_word' id='word_1_122' title='bbox 665 1487 739 1545; x_wconf 88' lang='lat' dir='ltr'><strong>qui</strong></span> <span class='ocrx_word' id='word_1_123' title='bbox 761 1487 955 1545; x_wconf 88' lang='lat' dir='ltr'><strong>audiunt,</strong></span> <span class='ocrx_word' id='word_1_124' title='bbox 985 1487 1033 1531; x_wconf 90' lang='lat' dir='ltr'><strong>in</strong></span> <span class='ocrx_word' id='word_1_125' title='bbox 1051 1486 1112 1544; x_wconf 90' lang='lat' dir='ltr'><strong>id,</strong></span> <span class='ocrx_word' id='word_1_126' title='bbox 1144 1486 1258 1544; x_wconf 89' lang='lat' dir='ltr'><strong>quod</strong></span> <span class='ocrx_word' id='word_1_127' title='bbox 1279 1487 1383 1532; x_wconf 90' lang='lat' dir='ltr'><strong>velit</strong></span> <span class='ocrx_word' id='word_1_128' title='bbox 1404 1501 1500 1533; x_wconf 89' lang='lat' dir='ltr'><strong>ora—</strong></span> 
     </span>
     <span class='ocr_line' id='line_1_19' title="bbox 117 1565 1501 1624; baseline 0 -13"><span class='ocrx_word' id='word_1_129' title='bbox 117 1570 208 1624; x_wconf 86' lang='lat' dir='ltr'><strong>tor,</strong></span> <span class='ocrx_word' id='word_1_130' title='bbox 249 1566 426 1611; x_wconf 91' lang='lat' dir='ltr'><strong>dicendo</strong></span> <span class='ocrx_word' id='word_1_131' title='bbox 467 1566 636 1611; x_wconf 89' lang='lat' dir='ltr'><strong>ducere.</strong></span> <span class='ocrx_word' id='word_1_132' title='bbox 697 1565 820 1610; x_wconf 85' lang='lat' dir='ltr'><strong>Plato</strong></span> <span class='ocrx_word' id='word_1_133' title='bbox 859 1566 940 1611; x_wconf 86' lang='lat' dir='ltr'><strong>hoc</strong></span> <span class='ocrx_word' id='word_1_134' title='bbox 977 1566 1135 1611; x_wconf 87' lang='lat' dir='ltr'><strong>diserte</strong></span> <span class='ocrx_word' id='word_1_135' title='bbox 1174 1566 1280 1610; x_wconf 90' lang='lat' dir='ltr'><strong>dicit</strong></span> <span class='ocrx_word' id='word_1_136' title='bbox 1315 1565 1501 1611; x_wconf 86' lang='lat' dir='ltr'><strong>Phaedri</strong></span> 
     </span>
     <span class='ocr_line' id='line_1_20' title="bbox 117 1645 1503 1701; baseline 0.001 -13"><span class='ocrx_word' id='word_1_137' title='bbox 117 1645 260 1701; x_wconf 86' lang='lat' dir='ltr'><strong>aliquo</strong></span> <span class='ocrx_word' id='word_1_138' title='bbox 290 1645 398 1701; x_wconf 91' lang='lat' dir='ltr'><strong>loco,</strong></span> <span class='ocrx_word' id='word_1_139' title='bbox 430 1658 513 1701; x_wconf 88' lang='lat' dir='ltr'><strong>quo</strong></span> <span class='ocrx_word' id='word_1_140' title='bbox 545 1648 690 1688; x_wconf 88' lang='lat' dir='ltr'><strong>orator</strong></span> <span class='ocrx_word' id='word_1_141' title='bbox 711 1645 844 1688; x_wconf 90' lang='lat' dir='ltr'><strong>animi</strong></span> <span class='ocrx_word' id='word_1_142' title='bbox 865 1648 1107 1689; x_wconf 85' lang='lat' dir='ltr'><strong>accuratam</strong></span> <span class='ocrx_word' id='word_1_143' title='bbox 1127 1645 1323 1688; x_wconf 85' lang='lat' dir='ltr'><strong>notitiam</strong></span> <span class='ocrx_word' id='word_1_144' title='bbox 1347 1645 1503 1696; x_wconf 87' lang='lat' dir='ltr'><strong>habeat</strong></span> 
     </span>
     <span class='ocr_line' id='line_1_21' title="bbox 115 1723 1498 1781; baseline 0 -14"><span class='ocrx_word' id='word_1_145' title='bbox 115 1736 289 1768; x_wconf 90' lang='lat' dir='ltr'><strong>necesse</strong></span> <span class='ocrx_word' id='word_1_146' title='bbox 328 1737 421 1767; x_wconf 88' lang='lat' dir='ltr'><strong>esse</strong></span> <span class='ocrx_word' id='word_1_147' title='bbox 460 1723 636 1781; x_wconf 84' lang='lat' dir='ltr'><strong>exponit</strong></span> <span class='ocrx_word' id='word_1_148' title='bbox 673 1723 885 1780; x_wconf 91' lang='lat' dir='ltr'><strong>huiusque</strong></span> <span class='ocrx_word' id='word_1_149' title='bbox 915 1724 978 1767; x_wconf 89' lang='lat' dir='ltr'><strong>rei</strong></span> <span class='ocrx_word' id='word_1_150' title='bbox 1008 1723 1119 1767; x_wconf 88' lang='lat' dir='ltr'><strong>hanc</strong></span> <span class='ocrx_word' id='word_1_151' title='bbox 1149 1736 1323 1767; x_wconf 85' lang='lat' dir='ltr'><strong>causam</strong></span> <span class='ocrx_word' id='word_1_152' title='bbox 1354 1723 1498 1767; x_wconf 88' lang='lat' dir='ltr'><strong>affert:</strong></span> 
     </span>
     <span class='ocr_line' id='line_1_22' title="bbox 115 1800 1501 1863; baseline 0 -17"><span class='ocrx_word' id='word_1_153' title='bbox 115 1800 264 1846; x_wconf 74' lang='grc' dir='ltr'><strong><em>πειθώ</em></strong></span> <span class='ocrx_word' id='word_1_154' title='bbox 295 1801 378 1859; x_wconf 82' lang='grc' dir='ltr'><strong>γὰρ</strong></span> <span class='ocrx_word' id='word_1_155' title='bbox 410 1802 459 1846; x_wconf 78' lang='grc' dir='ltr'><strong>ἐν</strong></span> <span class='ocrx_word' id='word_1_156' title='bbox 488 1803 626 1859; x_wconf 81' lang='grc' dir='ltr'><strong><em>τούτῳ</em></strong></span> <span class='ocrx_word' id='word_1_157' title='bbox 658 1802 704 1856; x_wconf 85' lang='lat' dir='ltr'><strong>(i.</strong></span> <span class='ocrx_word' id='word_1_158' title='bbox 727 1816 764 1846; x_wconf 85' lang='lat' dir='ltr'><strong>e.</strong></span> <span class='ocrx_word' id='word_1_159' title='bbox 796 1803 844 1847; x_wconf 71' lang='grc' dir='ltr'><strong>ἓν</strong></span> <span class='ocrx_word' id='word_1_160' title='bbox 873 1804 923 1863; x_wconf 79' lang='grc' dir='ltr'><strong>τῇ</strong></span> <span class='ocrx_word' id='word_1_161' title='bbox 956 1802 1093 1862; x_wconf 84' lang='grc' dir='ltr'>ψυχῇ)</span> <span class='ocrx_word' id='word_1_162' title='bbox 1126 1809 1269 1846; x_wconf 70' lang='grc' dir='ltr'><strong><em>ποιεῖν</em></strong></span> <span class='ocrx_word' id='word_1_163' title='bbox 1294 1802 1501 1859; x_wconf 72' lang='grc' dir='ltr'><strong><em>ἐπιχειρεῖ</em></strong></span> 
     </span>
     <span class='ocr_line' id='line_1_23' title="bbox 116 1879 1500 1939; baseline 0.001 -13"><span class='ocrx_word' id='word_1_164' title='bbox 116 1881 185 1939; x_wconf 90' lang='lat' dir='ltr'><strong>(p.</strong></span> <span class='ocrx_word' id='word_1_165' title='bbox 216 1882 301 1926; x_wconf 84' lang='lat'><strong>271</strong></span> <span class='ocrx_word' id='word_1_166' title='bbox 314 1880 405 1935; x_wconf 84' lang='lat' dir='ltr'><em>A.).</em></span> <span class='ocrx_word' id='word_1_167' title='bbox 466 1880 724 1925; x_wconf 87' lang='lat' dir='ltr'><strong>Aristoteles</strong></span> <span class='ocrx_word' id='word_1_168' title='bbox 764 1893 1025 1937; x_wconf 85' lang='lat' dir='ltr'><strong>quamquam</strong></span> <span class='ocrx_word' id='word_1_169' title='bbox 1063 1880 1117 1925; x_wconf 91' lang='lat' dir='ltr'><strong>de</strong></span> <span class='ocrx_word' id='word_1_170' title='bbox 1146 1879 1231 1924; x_wconf 91' lang='lat' dir='ltr'><strong>fine</strong></span> <span class='ocrx_word' id='word_1_171' title='bbox 1261 1880 1500 1927; x_wconf 84' lang='lat' dir='ltr'><strong>rhetoricae</strong></span> 
     </span>
     <span class='ocr_line' id='line_1_24' title="bbox 114 1958 1497 2018; baseline -0.001 -14"><span class='ocrx_word' id='word_1_172' title='bbox 114 1960 224 2004; x_wconf 89' lang='lat' dir='ltr'><strong>nihil</strong></span> <span class='ocrx_word' id='word_1_173' title='bbox 244 1959 446 2018; x_wconf 85' lang='lat' dir='ltr'><strong>explicat,</strong></span> <span class='ocrx_word' id='word_1_174' title='bbox 477 1962 638 2017; x_wconf 86' lang='lat' dir='ltr'><strong>tamen,</strong></span> <span class='ocrx_word' id='word_1_175' title='bbox 669 1959 772 2017; x_wconf 92' lang='lat' dir='ltr'><strong>quid</strong></span> <span class='ocrx_word' id='word_1_176' title='bbox 793 1959 988 2015; x_wconf 87' lang='lat' dir='ltr'><strong>senserit,</strong></span> <span class='ocrx_word' id='word_1_177' title='bbox 1020 1972 1074 2003; x_wconf 85' lang='lat' dir='ltr'><strong>ex</strong></span> <span class='ocrx_word' id='word_1_178' title='bbox 1094 1958 1164 2015; x_wconf 90' lang='lat' dir='ltr'><strong>iis,</strong></span> <span class='ocrx_word' id='word_1_179' title='bbox 1197 1972 1305 2015; x_wconf 86' lang='lat' dir='ltr'><strong>quae</strong></span> <span class='ocrx_word' id='word_1_180' title='bbox 1326 1959 1379 2003; x_wconf 91' lang='lat' dir='ltr'><strong>de</strong></span> <span class='ocrx_word' id='word_1_181' title='bbox 1399 1972 1497 2003; x_wconf 89' lang='lat' dir='ltr'><strong>ora-</strong></span> 
     </span>
     <span class='ocr_line' id='line_1_25' title="bbox 115 2036 1497 2097; baseline -0.001 -15"><span class='ocrx_word' id='word_1_182' title='bbox 115 2039 222 2082; x_wconf 87' lang='lat' dir='ltr'><strong>toris</strong></span> <span class='ocrx_word' id='word_1_183' title='bbox 262 2037 399 2083; x_wconf 82' lang='lat' dir='ltr'><strong>officio</strong></span> <span class='ocrx_word' id='word_1_184' title='bbox 441 2039 638 2097; x_wconf 87' lang='lat' dir='ltr'><strong>exponit,</strong></span> <span class='ocrx_word' id='word_1_185' title='bbox 676 2038 728 2082; x_wconf 91' lang='lat' dir='ltr'><strong>de</strong></span> <span class='ocrx_word' id='word_1_186' title='bbox 767 2051 850 2095; x_wconf 91' lang='lat' dir='ltr'><strong>quo</strong></span> <span class='ocrx_word' id='word_1_187' title='bbox 889 2050 990 2081; x_wconf 84' lang='lat' dir='ltr'><strong>mox</strong></span> <span class='ocrx_word' id='word_1_188' title='bbox 1029 2036 1242 2093; x_wconf 88' lang='lat' dir='ltr'><strong>dicemus,</strong></span> <span class='ocrx_word' id='word_1_189' title='bbox 1282 2037 1374 2081; x_wconf 91' lang='lat' dir='ltr'><strong>sine</strong></span> <span class='ocrx_word' id='word_1_190' title='bbox 1410 2037 1497 2082; x_wconf 90' lang='lat' dir='ltr'><strong>ullo</strong></span> 
     </span>
     <span class='ocr_line' id='line_1_26' title="bbox 116 2115 1498 2173; baseline 0 -13"><span class='ocrx_word' id='word_1_191' title='bbox 116 2118 288 2171; x_wconf 92' lang='lat' dir='ltr'><strong>negotio</strong></span> <span class='ocrx_word' id='word_1_192' title='bbox 319 2117 588 2173; x_wconf 88' lang='lat' dir='ltr'><strong>intelligitur.</strong></span> <span class='ocrx_word' id='word_1_193' title='bbox 649 2117 768 2161; x_wconf 91' lang='lat' dir='ltr'><strong>Dicit</strong></span> <span class='ocrx_word' id='word_1_194' title='bbox 798 2117 911 2161; x_wconf 91' lang='lat' dir='ltr'><strong>enim</strong></span> <span class='ocrx_word' id='word_1_195' title='bbox 941 2116 1016 2172; x_wconf 92' lang='lat' dir='ltr'><strong>ibi,</strong></span> <span class='ocrx_word' id='word_1_196' title='bbox 1048 2115 1286 2160; x_wconf 85' lang='lat' dir='ltr'><strong>rhetoricae</strong></span> <span class='ocrx_word' id='word_1_197' title='bbox 1318 2117 1498 2160; x_wconf 87' lang='lat' dir='ltr'><strong>eandem</strong></span> 
     </span>
     <span class='ocr_line' id='line_1_27' title="bbox 115 2193 1497 2253; baseline 0 -14"><span class='ocrx_word' id='word_1_198' title='bbox 115 2207 209 2239; x_wconf 85' lang='lat' dir='ltr'><strong>esse</strong></span> <span class='ocrx_word' id='word_1_199' title='bbox 229 2194 456 2253; x_wconf 87' lang='lat' dir='ltr'><strong>rationem,</strong></span> <span class='ocrx_word' id='word_1_200' title='bbox 474 2209 583 2253; x_wconf 86' lang='lat' dir='ltr'><strong>quae</strong></span> <span class='ocrx_word' id='word_1_201' title='bbox 606 2196 663 2241; x_wconf 90' lang='lat' dir='ltr'><strong>sit</strong></span> <span class='ocrx_word' id='word_1_202' title='bbox 681 2194 937 2248; x_wconf 67' lang='lat' dir='ltr'><strong>medicinae,</strong></span> <span class='ocrx_word' id='word_1_203' title='bbox 964 2207 1072 2252; x_wconf 88' lang='lat' dir='ltr'><strong>quae</strong></span> <span class='ocrx_word' id='word_1_204' title='bbox 1093 2193 1343 2250; x_wconf 91' lang='lat' dir='ltr'><strong>similitudo,</strong></span> <span class='ocrx_word' id='word_1_205' title='bbox 1361 2207 1497 2252; x_wconf 91' lang='lat' dir='ltr'><strong>quon-</strong></span> 
     </span>
     <span class='ocr_line' id='line_1_28' title="bbox 114 2272 1497 2332; baseline 0.001 -15"><span class='ocrx_word' id='word_1_206' title='bbox 114 2274 201 2318; x_wconf 90' lang='lat' dir='ltr'><strong>iam</strong></span> <span class='ocrx_word' id='word_1_207' title='bbox 233 2272 421 2318; x_wconf 89' lang='lat' dir='ltr'><strong>officium</strong></span> <span class='ocrx_word' id='word_1_208' title='bbox 449 2274 567 2318; x_wconf 88' lang='lat' dir='ltr'><strong>illius</strong></span> <span class='ocrx_word' id='word_1_209' title='bbox 599 2289 692 2319; x_wconf 90' lang='lat' dir='ltr'><strong>esse</strong></span> <span class='ocrx_word' id='word_1_210' title='bbox 722 2274 995 2332; x_wconf 88' lang='lat' dir='ltr'><strong>persuadere,</strong></span> <span class='ocrx_word' id='word_1_211' title='bbox 1026 2274 1151 2316; x_wconf 90' lang='lat' dir='ltr'><strong>huius</strong></span> <span class='ocrx_word' id='word_1_212' title='bbox 1183 2286 1334 2316; x_wconf 92' lang='lat' dir='ltr'><strong>sanum</strong></span> <span class='ocrx_word' id='word_1_213' title='bbox 1356 2274 1497 2319; x_wconf 86' lang='lat' dir='ltr'><strong>facere</strong></span> 
     </span>
     <span class='ocr_line' id='line_1_29' title="bbox 114 2348 1496 2410; baseline -0.001 -12"><span class='ocrx_word' id='word_1_214' title='bbox 114 2355 259 2409; x_wconf 88' lang='lat' dir='ltr'><strong>negat,</strong></span> <span class='ocrx_word' id='word_1_215' title='bbox 290 2348 421 2397; x_wconf 82' lang='lat' dir='ltr'><strong>finem</strong></span> <span class='ocrx_word' id='word_1_216' title='bbox 452 2356 595 2398; x_wconf 87' lang='lat' dir='ltr'><strong>autem</strong></span> <span class='ocrx_word' id='word_1_217' title='bbox 626 2353 782 2398; x_wconf 88' lang='lat' dir='ltr'><strong>medici</strong></span> <span class='ocrx_word' id='word_1_218' title='bbox 811 2365 904 2396; x_wconf 86' lang='lat' dir='ltr'><strong>esse</strong></span> <span class='ocrx_word' id='word_1_219' title='bbox 936 2351 1152 2396; x_wconf 88' lang='lat' dir='ltr'><strong>curatione</strong></span> <span class='ocrx_word' id='word_1_220' title='bbox 1184 2364 1337 2396; x_wconf 87' lang='lat' dir='ltr'><strong>sanare</strong></span> <span class='ocrx_word' id='word_1_221' title='bbox 1360 2355 1496 2410; x_wconf 88' lang='lat' dir='ltr'><strong>patet,</strong></span> 
     </span>
     <span class='ocr_line' id='line_1_30' title="bbox 113 2429 1493 2489; baseline -0.001 -14"><span class='ocrx_word' id='word_1_222' title='bbox 113 2431 238 2476; x_wconf 90' lang='lat' dir='ltr'><strong>foede</strong></span> <span class='ocrx_word' id='word_1_223' title='bbox 267 2431 541 2489; x_wconf 86' lang='lat' dir='ltr'><strong>claudicaret,</strong></span> <span class='ocrx_word' id='word_1_224' title='bbox 571 2433 657 2484; x_wconf 88' lang='lat' dir='ltr'><strong>nisi</strong></span> <span class='ocrx_word' id='word_1_225' title='bbox 687 2432 792 2475; x_wconf 86' lang='lat' dir='ltr'><strong>artis</strong></span> <span class='ocrx_word' id='word_1_226' title='bbox 821 2430 1031 2474; x_wconf 87' lang='lat' dir='ltr'><strong>oratoriae</strong></span> <span class='ocrx_word' id='word_1_227' title='bbox 1052 2443 1146 2474; x_wconf 89' lang='lat' dir='ltr'><strong>esse</strong></span> <span class='ocrx_word' id='word_1_228' title='bbox 1165 2429 1296 2475; x_wconf 89' lang='lat' dir='ltr'><strong>finem</strong></span> <span class='ocrx_word' id='word_1_229' title='bbox 1316 2445 1493 2489; x_wconf 86' lang='lat' dir='ltr'><strong>persua—</strong></span> 
     </span>
     <span class='ocr_line' id='line_1_31' title="bbox 113 2509 1492 2568; baseline -0.002 -12"><span class='ocrx_word' id='word_1_230' title='bbox 113 2511 216 2556; x_wconf 91' lang='lat' dir='ltr'><strong>dere</strong></span> <span class='ocrx_word' id='word_1_231' title='bbox 246 2511 495 2556; x_wconf 88' lang='lat' dir='ltr'><strong>censuisset.</strong></span> <span class='ocrx_word' id='word_1_232' title='bbox 556 2510 675 2556; x_wconf 90' lang='lat' dir='ltr'><strong>Idem</strong></span> <span class='ocrx_word' id='word_1_233' title='bbox 707 2509 802 2554; x_wconf 86' lang='lat' dir='ltr'><strong>aliis</strong></span> <span class='ocrx_word' id='word_1_234' title='bbox 833 2509 939 2554; x_wconf 91' lang='lat' dir='ltr'><strong>locis</strong></span> <span class='ocrx_word' id='word_1_235' title='bbox 968 2509 1094 2554; x_wconf 86' lang='lat' dir='ltr'><strong>facile</strong></span> <span class='ocrx_word' id='word_1_236' title='bbox 1125 2513 1269 2568; x_wconf 87' lang='lat' dir='ltr'><strong>potest</strong></span> <span class='ocrx_word' id='word_1_237' title='bbox 1299 2523 1492 2568; x_wconf 90' lang='lat' dir='ltr'><strong>compro-</strong></span> 
     </span>
     <span class='ocr_line' id='line_1_32' title="bbox 114 2588 1088 2648; baseline -0.003 -13"><span class='ocrx_word' id='word_1_238' title='bbox 114 2589 231 2645; x_wconf 84' lang='lat' dir='ltr'><strong>bari3</strong></span> <span class='ocrx_word' id='word_1_239' title='bbox 264 2590 339 2635; x_wconf 90' lang='lat' dir='ltr'><strong>sed</strong></span> <span class='ocrx_word' id='word_1_240' title='bbox 370 2590 473 2648; x_wconf 89' lang='lat' dir='ltr'><strong>quid</strong></span> <span class='ocrx_word' id='word_1_241' title='bbox 503 2589 629 2648; x_wconf 86' lang='lat' dir='ltr'><strong>plura</strong></span> <span class='ocrx_word' id='word_1_242' title='bbox 660 2589 712 2634; x_wconf 90' lang='lat' dir='ltr'><strong>de</strong></span> <span class='ocrx_word' id='word_1_243' title='bbox 742 2603 790 2634; x_wconf 91' lang='lat' dir='ltr'><strong>re</strong></span> <span class='ocrx_word' id='word_1_244' title='bbox 821 2588 1088 2633; x_wconf 83' lang='lat' dir='ltr'><strong>certissima?</strong></span> 
     </span>
    </p>
   </div>
  </div>
 </body>
</html>
