1799 3119
809 165 867 210 59

145 284 355 344 prospicit
381 283 646 331 rationibus?
690 284 749 331 Et
769 286 871 344 quid
892 284 1005 344 quod
1025 283 1122 330 aliis
1142 281 1248 329 locis
1270 283 1399 329 etiam
1419 295 1521 329 con-

143 362 309 408 firmari
330 378 394 422 ea,
421 379 550 422 quam
570 365 773 422 diximus,
792 365 964 410 videtur
984 364 1156 423 opinio?
1186 363 1297 411 Nam
1317 364 1364 409 in
1383 362 1520 410 Phae-

143 442 223 487 dro
244 442 441 487 Socrates
471 446 697 502 postquam
726 445 866 503 ipsam
897 443 1155 489 rhetoricam
1184 445 1312 487 antea
1332 443 1521 498 graviter

144 525 386 566 accusatam
425 523 636 580 purgandi
668 524 735 567 sui
765 535 894 567 causa
923 522 1037 567 hunc
1066 523 1111 567 in
1142 522 1318 567 modum
1348 521 1521 567 induxit

142 599 407 656 loquentem:
440 614 563 644 suu-m
585 601 754 658 quidem
777 601 1001 645 consilium
1024 615 1075 645 eo
1094 603 1325 659 pertinere,
1353 604 1417 657 ut,
1445 601 1519 659 qui

138 678 190 721 in
221 691 267 722 se
286 678 392 723 velit
421 693 592 737 operam
625 680 831 735 conferre,
862 679 907 723 id
938 682 1031 724 tum
1053 680 1225 725 demum
1244 679 1388 737 faciat,
1420 674 1544 725 cum'

142 756 234 800 veri
273 757 557 814 cognitionem
598 757 655 803 sit
692 759 965 811 consecutum
1008 770 1102 801 sese
1138 761 1284 802 tamen
1318 757 1399 802 hoc
1429 761 1516 802 sta-

142 838 279 891 tuere,
311 836 402 880 sine
434 850 511 880 suo
543 837 702 881 auxilio
732 850 788 881 ne
809 850 905 880 eum
928 835 1114 892 quidem,
1147 837 1221 893 qui
1240 850 1385 880 rerum
1403 838 1517 881 veri-

141 915 274 959 tatem
312 914 603 972 perspexerit,
644 927 698 959 ex
737 917 828 959 arte
858 927 985 972 posse
1017 914 1158 958 dicere
1191 938 1247 944 —-
1279 913 1379 973 post
1408 914 1518 959 hanc

140 985 274 1047 igitur
302 992 540 1036 rhetoricae
571 992 860 1036 defensionem
889 993 964 1036 ille
984 991 1178 1036 Phaedro
1202 993 1430 1050 dubitanti,
1462 1006 1517 1037 an

140 1070 246 1115 haec
275 1070 368 1116 iure
399 1070 536 1129 possit
566 1071 759 1129 proferre
790 1070 1022 1115 rhetorica:
1055 1072 1193 1129 Φημί,
1233 1071 1395 1129 inquit,
1435 1069 1517 1116 ἐὰν

141 1153 187 1192 οἵ
205 1165 255 1203 γε
283 1148 477 1201 ἐπιόντες
496 1148 607 1210 αὐτῇ
628 1148 753 1202 λόγοι
772 1150 1047 1205 μαρτυρῶσιν
1067 1150 1182 1192 εἶναι
1202 1152 1342 1210 τέχνῃ.
1372 1149 1515 1205 ὥσπερ

140 1225 222 1283 γὰρ
254 1226 430 1272 ἀκούειν
461 1227 578 1271 δοκῶ
609 1242 742 1271 τινων
773 1223 1046 1284 προσιόντων
1071 1231 1145 1269 καὶ
1168 1228 1519 1285 διαμαρτυρομέ-

141 1322 231 1351 νων
251 1307 407 1361 λόγων,
429 1306 495 1349 ὅτι
517 1305 734 1363 ψεύδεται
754 1308 827 1348 καὶ
848 1303 930 1349 οὔκ
951 1304 1040 1348 ἔστι
1060 1308 1200 1362 τέχνη,
1222 1304 1327 1350 ἀλλ’
1339 1307 1519 1361 ἄτεχνος

137 1385 262 1443 τριβή
302 1384 369 1443 (p.
392 1385 481 1429 260
497 1383 588 1439 Et).
650 1383 710 1428 Et
748 1384 794 1427 in
826 1382 1007 1440 Gorgia,
1047 1396 1128 1441 quo
1160 1384 1206 1427 in
1236 1384 1405 1441 dialogo
1436 1385 1516 1429 ali-

140 1466 298 1521 quanto
328 1466 428 1521 post
459 1476 555 1507 eum
570 1496 582 1520 ,
623 1476 749 1520 quem
780 1462 1072 1519 narravimus,
1111 1476 1351 1507 sermonem
1381 1464 1515 1509 inter-

138 1541 259 1586 iectis
292 1541 388 1586 aliis
419 1542 547 1586 rebus
573 1541 703 1585 etiam
723 1541 975 1586 nominatim
997 1541 1049 1584 de
1070 1541 1255 1585 utilitate
1277 1542 1516 1587 rhetoricae

138 1620 358 1677 quaeritur
397 1619 519 1673 (inde
560 1633 586 1663 a
623 1633 666 1676 p.
688 1620 780 1663 480
796 1619 896 1674 A),
935 1619 1269 1676 disputationem
1308 1633 1405 1665 eam
1435 1621 1513 1665 So-

138 1702 276 1744 crates
325 1698 434 1743 hanc
479 1698 675 1756 perducit
720 1697 774 1742 ad
820 1696 1054 1742 clausulam
1093 1698 1160 1755 (p.
1186 1699 1271 1742 481
1293 1698 1392 1754 B.):
1442 1701 1516 1758 Τῷ

139 1794 187 1832 γε
216 1775 274 1835 μῆ
306 1776 509 1833 μέλλοντι
540 1773 714 1821 α’δικεῖν
744 1774 798 1820 οὗ
827 1774 995 1834 μεγάλη
1025 1779 1087 1828 τίς
1107 1792 1183 1833 μοι
1205 1776 1370 1836 δοκετῆ
1391 1780 1516 1835 χρεία

138 1854 269 1914 αὐτῆς
312 1857 444 1908 εἶναι,
486 1856 526 1898 εἰ
564 1854 619 1913 δὴ
662 1859 735 1898 καὶ
774 1854 864 1898 ἔστι
901 1872 964 1907 τις
994 1858 1139 1914 χρεία,
1181 1852 1240 1906 ὦς
1270 1855 1319 1899 ἔν
1346 1872 1397 1910 γε
1426 1865 1516 1908 τοῖς

137 1934 337 1992 πρόσθεν
359 1932 530 1995 οὐδαμῇ
551 1933 693 1992 ἐφάνη
716 1931 840 1977 οὖσα.
881 1931 1018 1984 Quid?
1049 1933 1116 1976 his
1137 1933 1182 1976 in
1203 1934 1392 1978 medium
1412 1948 1513 1993 pro-

134 2013 250 2069 latis,
281 2011 504 2057 Platonem
534 2025 613 2057 nec
642 2013 687 2056 in
719 2011 882 2056 artibus
913 2011 1108 2069 posuisse
1139 2025 1218 2056 nec
1248 2026 1328 2070 pro
1349 2027 1397 2058 re
1417 2014 1514 2058 utili

135 2091 336 2136 habuisse
376 2091 656 2149 rhetoricam,
694 2104 835 2135 nonne
864 2090 1034 2134 videtur
1073 2104 1166 2135 esse
1197 2092 1514 2145 certissimum?

136 2169 195 2214 Et
213 2172 359 2214 tamen
378 2170 458 2214 hac
477 2171 691 2228 opinione,
721 2169 834 2228 quod
855 2170 1010 2235 acriter
1028 2169 1114 2213 iam
1135 2171 1358 2229 perspexit
1379 2171 1512 2224 Quin-

134 2248 308 2293 tilianus
335 2248 391 2303 (v.
418 2248 557 2293 Instit.
581 2249 699 2294 Orat.
720 2248 774 2306 Π,
801 2250 871 2306 15,
893 2249 965 2294 24.
983 2248 1109 2305 sqq.),
1139 2248 1246 2292 nihil
1267 2263 1293 2293 a
1312 2264 1415 2294 vero
1438 2252 1512 2296 ab-

138 2331 204 2372 est
233 2327 416 2383 longius.
468 2327 517 2372 In
547 2331 750 2387 promptu
783 2328 898 2372 enim
930 2330 1030 2371 sunt
1060 2340 1168 2383 quae
1199 2341 1294 2372 eam
1325 2329 1514 2374 refutent

133 2407 370 2463 falsamque
409 2420 502 2451 esse
540 2407 722 2452 doceant
751 2409 1002 2462 argumenta
1022 2404 1292 2451 firmissima.
1353 2407 1412 2452 Et
1441 2422 1511 2452 ar-

133 2485 242 2529 tium
290 2484 462 2542 quidem
509 2485 562 2531 de
599 2499 778 2531 numero
815 2483 1038 2529 Platonem
1074 2484 1202 2541 longe
1240 2486 1426 2532 abfuisse
1462 2490 1512 2531 ut

132 2564 390 2610 rhetoricam
420 2569 613 2610 censeret
642 2564 936 2621 eximendam,
974 2563 1069 2608 luce
1100 2564 1258 2609 clarius
1287 2564 1336 2609 fit
1366 2578 1417 2610 ca
1447 2579 1511 2623 re,
