1799 3119
908 260 936 301 4

222 369 518 436 rationemque
558 378 784 437 docerent,
831 382 977 423 tamen
1018 382 1061 423 et
1097 370 1278 436 multos,
1317 381 1365 423 ut
1405 379 1609 437 diximus,

224 447 538 503 eruditissimos
570 448 780 503 homines⁴
796 472 847 503 ea
877 471 924 503 re
957 458 1012 502 ad
1044 472 1090 502 se
1120 458 1347 503 trahebant
1378 462 1421 503 et
1450 460 1496 503 id
1523 460 1609 503 uti-

221 536 358 581 litatis
387 537 488 581 inde
519 537 829 596 percipiebant,
862 537 976 596 quod
1006 538 1186 582 materie
1208 537 1352 597 ampla
1372 541 1416 582 et
1436 536 1628 597 copiosa

223 615 278 658 ad
299 616 515 660 orationes
536 607 951 673 declamationesque
971 629 1190 672 nunquam
1209 617 1423 661 carebant.
1456 615 1609 660 Totam

223 694 338 738 enim
371 693 515 751 illam,
555 709 640 752 qua
670 683 870 739 instructi
902 697 1046 752 erant,
1086 694 1309 739 scientiam
1341 695 1396 739 ad
1425 694 1609 739 rhetori-

221 762 316 816 cam
348 776 391 816 et
421 763 640 830 politicam
672 773 937 831 referebant,
974 787 1080 831 quas
1112 777 1226 817 artes
1257 778 1430 831 praeter
1462 786 1609 817 omnes

221 841 386 895 ceteras
438 840 779 897 adolescentibus
824 852 1087 897 necessarias
1135 852 1455 898 arbitrabantur
1500 865 1609 909 esse,

222 928 462 987 quibusque
494 942 665 987 omnes,
697 931 771 988 qui
804 921 959 976 scholis
992 932 1082 976 suis
1113 932 1393 989 interessent,
1422 932 1486 975 ita
1517 943 1610 976 sese

220 1009 493 1053 instituturus
540 1007 876 1067 pollicebantur,
924 1014 972 1054 ut
1018 1013 1061 1055 et
1099 1001 1375 1068 reipublicae⁴
1397 1009 1609 1065 regendae

218 1086 471 1144 peritissimi
513 1090 556 1130 et
585 1087 631 1130 in
664 1086 851 1131 dicendo
875 1088 981 1131 adeo
1014 1087 1236 1132 exercitati
1269 1087 1522 1144 evaderent,
1561 1080 1611 1131 ut

220 1165 351 1209 etiam
382 1165 428 1209 in
459 1165 529 1222 iis,
566 1177 675 1222 quae
706 1165 936 1222 nescirent,
969 1165 1120 1211 diserti
1151 1180 1244 1211 esse
1276 1170 1320 1211 et
1349 1166 1609 1222 hominibus,

220 1243 429 1302 quidquid
449 1242 624 1301 vellent,
655 1244 913 1302 persuadere
944 1248 1133 1303 possent.
1181 1244 1231 1289 In
1260 1249 1352 1290 arte
1374 1245 1489 1290 enim
1509 1244 1608 1289 rhe-

219 1324 379 1380 torica,
418 1336 505 1367 non
543 1326 593 1367 ut
621 1336 767 1367 rerum
798 1323 1024 1368 veritatem
1056 1323 1330 1381 effingerent,
1371 1325 1446 1369 sed
1476 1327 1525 1367 ut
1556 1323 1608 1369 de

217 1392 474 1459 unaquaque
520 1414 567 1445 re
613 1402 660 1445 in
699 1406 924 1459 utramque
962 1407 1131 1460 partem
1170 1402 1224 1446 ad
1262 1402 1608 1460 persuadendum

217 1471 414 1540 apposite
445 1480 638 1525 dicerent
669 1471 916 1538 eorumque,
949 1481 1023 1538 qui
1044 1481 1257 1538 audirent,
1289 1481 1470 1537 animos,
1503 1493 1607 1539 quo-

218 1573 385 1617 cunque
401 1550 587 1616 >vellent,
618 1557 854 1616 flecterent,
884 1559 1099 1617 imprimis
1132 1564 1176 1604 et
1206 1571 1343 1617 paene
1374 1560 1499 1604 unice
1530 1545 1606 1603 ex-

217 1628 451 1697 petendum
483 1651 577 1682 esse
608 1636 851 1682 censebant.
906 1636 1055 1695 Itaque
1088 1637 1143 1681 ad
1172 1637 1308 1694 varia,
1346 1638 1499 1695 quibus
1530 1636 1607 1681 ho-

216 1718 383 1761 minum
416 1717 549 1760 animi
581 1715 810 1775 capiuntur
842 1720 884 1760 et
914 1716 1184 1773 irretiuntur,
1221 1716 1402 1761 artificia
1431 1717 1607 1760 descen-

217 1796 319 1840 dere
351 1795 486 1839 coacti
499 1828 511 1851 ,
551 1795 665 1851 quod
697 1795 779 1839 sibi
809 1799 1145 1852 proposuerant,
1182 1794 1405 1839 fallacibus
1436 1794 1606 1838 conclu-

219 1865 425 1919 siunculis
464 1872 775 1918 confirmabant
814 1876 857 1916 et
893 1873 940 1917 in
979 1873 1226 1918 dialecticae
1263 1873 1482 1932 captiones
1514 1886 1606 1917 sese

217 1953 453 1999 induebant
500 1957 543 1998 et
587 1966 784 1997 sermone
831 1951 986 1997 blando
1035 1955 1077 1997 et
1122 1952 1335 2011 perpolito
1374 1952 1606 2011 multisque

218 2023 424 2078 orationis
462 2031 696 2077 luminibus
737 2031 1083 2090 splendidissime
1123 2036 1328 2076 exornato
1368 2035 1410 2076 et
1441 2032 1495 2075 ad
1525 2044 1606 2075 nu-

217 2125 359 2156 meros
392 2110 719 2167 diligentissime
741 2110 915 2166 alligato
936 2102 1180 2155 utebantur.
1229 2102 1491 2166 Congruissev
1507 2109 1607 2154 huic

217 2190 456 2235 rhetoricae
499 2190 598 2234 usui
638 2192 753 2233 artes
793 2189 846 2233 ab
884 2189 939 2233 iis
978 2188 1244 2246 conscriptas
1283 2189 1357 2233 vix
1395 2202 1503 2247 opus
1541 2190 1607 2232 est

219 2282 567 2314 commemorare.
632 2267 885 2312 Successere
924 2271 1023 2326 post
1062 2267 1190 2325 paulo
1233 2267 1329 2324 alii,
1367 2268 1466 2324 qui,
1508 2280 1606 2310 cum

219 2348 333 2392 omni
370 2347 514 2393 indole
547 2350 590 2392 et
621 2346 860 2391 eruditione
892 2349 1085 2391 carentes
1118 2346 1224 2390 vitia
1255 2345 1346 2389 sola
1377 2344 1605 2400 magistro-

217 2439 315 2470 rum
352 2427 626 2472 imitarentur
663 2439 817 2483 resque
856 2425 1153 2469 tantummodo
1191 2427 1390 2468 externas
1421 2422 1605 2468 absurdo

216 2518 313 2551 cum
349 2505 490 2550 studio
521 2508 885 2561 consectarentur,
916 2517 942 2547 a
963 2516 1066 2548 vera
1096 2502 1339 2560 eloquentia
1368 2505 1456 2546 tam
1479 2502 1605 2559 longe

218 2584 511 2641 discedebant,
542 2589 591 2628 ut
621 2598 675 2628 ne
706 2584 859 2628 umbra
891 2583 1065 2640 quidem
1097 2582 1202 2626 artis
1233 2595 1454 2626 remanere
1487 2581 1604 2625 vide-

216 2667 350 2710 retur.
415 2660 500 2710 Sed
537 2663 626 2708 iam
665 2668 836 2723 tempus
876 2662 1048 2721 aderat,
1089 2675 1172 2722 quo
1211 2675 1282 2709 ars
1323 2660 1510 2708 oratoria
1549 2659 1604 2706 ad
