1799 3119
875 196 930 240 10

206 317 303 375 ipsa
333 317 389 363 de
419 330 549 363 causa
577 316 712 362 verba
740 316 837 374 illa,
874 329 983 374 quae
1013 316 1060 363 in
1089 318 1213 363 initio
1243 317 1469 376 leguntur,
1493 317 1505 333 ‘
1520 318 1594 363 καὶ

207 394 415 453 οὐδεμιᾶς
445 395 680 455 ὃπισιήμης
709 393 1038 455 α’φωρισμένης’
1058 396 1122 441 ita
1143 397 1402 456 accepimuffi
1431 402 1480 443 ut
1500 410 1592 443 ma-

206 475 362 519 teriam
392 474 631 520 rhetoricae
662 474 823 519 nullius
854 477 998 519 certae
1028 475 1280 534 disciplinae
1310 475 1467 521 finibus
1492 491 1592 521 con-

206 553 359 610 tineri,
391 554 467 598 sed
495 554 582 598 late
611 556 762 611 patere
794 556 998 598 statuant.
1044 552 1207 599 Verum
1240 556 1277 600 si
1307 569 1386 614 per
1416 568 1464 598 se
1494 569 1592 613 spe-

206 636 400 691 ctantur,
441 633 503 678 sie
542 646 711 690 quoque
748 632 849 677 licet
880 646 931 677 ea
961 632 1264 691 interpretari,
1302 638 1352 679 ut
1381 634 1593 680 rhetorica

206 712 260 756 ab
289 712 344 755 iis
374 711 525 768 rebus,
558 724 667 769 quae
697 712 744 755 in
775 709 963 755 definitis
995 710 1200 756 doctrinis
1233 712 1321 756 sint
1352 713 1484 770 sitae,
1516 726 1591 758 ex-

205 789 404 835 cludatur
455 804 611 848 easque
662 793 927 849 pertractare
974 793 1103 847 atque
1151 790 1364 836 discutere
1391 792 1593 838 >oratoris

206 882 301 915 esse
342 872 537 925 negetur.
600 867 681 913 Cui
718 868 1031 927 interpretandi
1068 869 1226 913 rationi
1256 870 1387 915 verba
1423 873 1591 916 antece-

205 947 351 992 dentia
396 960 658 1005 magnopere
703 948 870 1002 favent3
916 959 1018 991 nam
1057 946 1243 1005 scriptor
1280 948 1483 1005 quoniam
1522 962 1592 994 res

204 1024 402 1070 omnibus
433 1038 681 1070 communes
714 1029 758 1070 et
777 1025 833 1070 ad
852 1024 1179 1081 intelligendum
1198 1026 1345 1072 faciles
1365 1027 1592 1071 materiam

206 1102 374 1149 efficere
414 1104 651 1150 rhetoricae
682 1104 815 1161 dixit,
854 1104 1098 1163 explicandi
1129 1118 1260 1150 causa
1289 1109 1406 1151 recte
1435 1106 1592 1151 addere

202 1186 397 1240 poterat,
443 1183 541 1229 illas
579 1198 651 1229 res
692 1184 889 1229 omnibus
927 1197 1176 1228 communes
1216 1198 1309 1229 esse
1348 1198 1444 1241 eas,
1483 1190 1591 1242 quae

201 1261 364 1306 nullius
395 1266 540 1307 essent
569 1262 789 1307 doctrinae
811 1261 1024 1307 definitae.
1071 1262 1138 1307 Ea
1158 1263 1272 1308 enim
1292 1264 1452 1320 omnia,
1482 1276 1592 1321 quae

203 1341 259 1386 ad
296 1339 498 1387 definitae
536 1342 716 1387 alicuius
755 1341 1007 1400 disciplinae
1038 1341 1107 1386 vel
1147 1342 1254 1386 artis
1284 1342 1400 1398 leges
1432 1342 1590 1387 doctri-

201 1433 364 1477 nasque
403 1421 648 1478 pertinent,
689 1434 788 1465 cum
822 1433 974 1477 nemo,
1013 1421 1118 1477 quin
1147 1420 1363 1479 principia
1394 1420 1486 1465 eius
1516 1434 1589 1476 ge-

201 1499 318 1545 neris
340 1498 554 1557 didicerit,
585 1500 819 1558 perspiciat
840 1502 915 1544 aut
935 1498 1164 1557 intelligat,
1188 1513 1327 1558 neque
1348 1500 1591 1545 communia

203 1581 305 1623 sunt
347 1578 545 1624 omnibus
592 1591 730 1636 neque
770 1578 823 1623 ab
865 1578 1064 1623 omnibus
1100 1577 1226 1623 facile
1264 1582 1589 1634 cognoscuntur.

203 1656 290 1712 Sed
329 1657 538 1714 concedo,
577 1661 756 1715 propter
795 1657 937 1702 locum
975 1656 1122 1713 illum,
1162 1658 1237 1714 qui
1276 1661 1343 1702 est
1377 1658 1423 1702 in
1454 1658 1589 1703 altero

200 1736 341 1793 capite
354 1769 367 1792 ,
415 1736 527 1781 hanc
573 1735 817 1793 explicandi
861 1735 1074 1779 rationem
1113 1735 1252 1779 videri
1297 1736 1588 1780 reiiciendam.

198 1813 349 1871 Neque
380 1817 527 1859 tamen
558 1814 765 1860 subducto
797 1814 879 1859 hoe
900 1814 1023 1870 quasi
1044 1814 1301 1859 adminiculo
1322 1817 1429 1871 tota,
1460 1829 1589 1872 quam

200 1893 492 1950 instituimus,
532 1893 768 1951 disputatio
805 1893 1088 1938 labefactatur
1127 1895 1203 1937 aut
1237 1893 1419 1947 corruit;
1456 1894 1588 1939 immo

199 1973 245 2016 in
277 1972 359 2017 hac
389 1973 535 2030 ipsum
555 1972 837 2017 Aristotelem
867 1973 1001 2017 fuisse
1032 1972 1259 2029 sententia,
1290 1976 1340 2016 ut
1371 1986 1588 2017 sermones

200 2050 254 2094 de
285 2051 445 2094 artium
477 2051 631 2096 studiis
657 2063 707 2096 ac
726 2050 893 2108 legibus
914 2050 1132 2102 habendos
1154 2050 1209 2095 ad
1230 2050 1411 2096 oratoris
1432 2064 1588 2098 mimus

199 2131 416 2188 pertinere
446 2143 533 2174 non
563 2134 760 2189 putaret,
793 2133 860 2187 et,
891 2133 941 2174 ut
971 2130 1183 2186 diximus,
1216 2143 1269 2173 ex
1299 2129 1402 2187 illis,
1434 2131 1588 2188 quibus

200 2209 427 2253 materiam
457 2208 696 2253 rhetoricae
728 2208 1054 2265 circumscribit,
1085 2207 1227 2253 verbis
1259 2222 1339 2267 per
1369 2222 1416 2253 se
1444 2208 1588 2265 colligi

199 2290 343 2344 potest
374 2291 418 2332 et
448 2288 566 2332 hisce
598 2286 764 2331 duobus
795 2287 900 2332 locis
931 2287 1091 2332 diserte
1111 2286 1386 2332 confirmatur
1408 2290 1451 2331 et
1471 2300 1587 2345 eom·

198 2365 425 2423 probatur:
457 2365 492 2423 I,
513 2367 557 2410 4.
590 2379 633 2423 p.
661 2366 814 2411 1359b
841 2367 910 2411 12.
943 2366 1032 2424 ὅσῳ
1065 2364 1111 2410 δ’
1134 2365 1191 2409 ἄν
1222 2382 1285 2417 τις
1316 2363 1344 2421 ἢ
1373 2363 1453 2422 τὴν
1483 2365 1587 2409 δια-

198 2442 396 2500 λεκτικὴν
426 2446 452 2500 ἢ
483 2445 646 2501 ταύτην
676 2445 722 2498 (i.
746 2458 783 2489 e.
816 2444 894 2501 τὴν
925 2442 1171 2501 ῥητορικὴν)
1202 2443 1260 2501 μὴ
1294 2442 1505 2500 καθάπερ
1528 2446 1587 2489 ἄν

199 2519 412 2579 δυνάμεις
452 2520 557 2566 ἄλλ’
588 2523 826 2582 ἐπιστήμας
865 2524 1068 2581 πειρᾶται
1109 2522 1464 2575 κατασκευάζειν,
1504 2521 1586 2579 λη’-

199 2614 317 2645 σειαι
359 2598 440 2659 τὴν
479 2601 611 2657 φύσιν
648 2599 796 2646 αὗτῶν
833 2600 1056 2660 ἀφανίσας
1087 2602 1147 2661 τῷ
1175 2604 1457 2658 μεταβαίνειν
1487 2601 1585 2644 ἐπι-
