1799 3119
947 235 1007 278 50

278 365 362 411 que
390 353 518 399 modo
549 352 683 398 flectit
713 365 764 398 ac
795 353 953 410 dirigit·
973 353 1229 400 voluntates.
1276 352 1530 400 Rectissime
1544 352 1664 399 -Ari-

277 432 453 479 stoteles
476 431 548 490 (II,
567 434 609 478 1.
627 447 671 491 p.
692 432 846 477 1377b
867 432 982 487 31.)=
1007 431 1077 477 Οιῗ
1096 431 1237 479 tadu)
1259 435 1467 492 φαίνεται
1486 433 1667 492 φιλοῦσι

276 515 352 554 καὶ
381 515 597 568 μισοῦσιν,
629 509 734 555 οὔδ’
754 509 1046 569 ὀργιζομένοις
1074 514 1150 555 καὶ
1170 512 1324 571 πράως
1343 511 1530 568 ἔχουσιν,
1561 508 1666 556 ἀλλ’

274 592 303 648 ἢ
334 588 384 634 τὸ
417 591 634 647 παράπαν
664 592 793 648 ἕτερα
823 589 854 648 ἢ
882 589 996 633 κατὰ
1024 587 1075 634 τὸ
1104 593 1296 646 μέγεθος
1326 594 1472 648 ἔτερα·
1504 591 1565 650 τῷ
1585 592 1667 646 μὲν

274 665 361 726 γὰρ
395 667 618 726 φιλοῦντι,
652 671 750 726 περὶ
783 663 839 713 οὗ
868 674 1060 713 ποιεῖται
1090 666 1168 727 τὴν
1198 671 1362 728 κρίσιν,
1393 671 1421 728 ἢ
1451 666 1532 714 οὖν
1562 665 1665 712 ἅδι-

275 748 427 805 κεῖν,ἢ
457 744 592 803 μικροὶ
625 747 752 791 δοκεῖ’
777 744 963 799 α’δικεῒν,
994 748 1054 806 τῷ
1087 748 1138 791 δὲ
1166 750 1364 804 μισοῦντι
1387 746 1663 792 τούναντίον·

277 827 353 869 καὶ
389 825 450 884 τῷ
487 827 568 881 μὲν
607 825 903 883 ἐπιθυμοῦντι
925 828 1018 869 ’καὶ
1054 824 1254 871 sauma·
1292 825 1405 879 ὄντι,
1445 824 1524 871 ἐὰν
1559 823 1585 887 ᾔ
1614 822 1664 869 τὸ

274 903 488 959 ἐσόμενον
526 902 632 961 ἡδύ,
670 908 744 947 καὶ
783 902 968 947 ἔσεσθαι
1007 908 1082 947 καὶ
1120 902 1304 958 α’γαθὸν
1341 903 1526 948 ἔσεσθαι
1557 905 1667 961 φαί-

275 997 422 1033 νεται,
474 983 535 1040 τῷ
586 980 630 1025 δ’
663 980 845 1025 α’παθετ
894 985 968 1025 καὶ
1020 983 1349 1039 δυσχεραίνοντι
1393 978 1666 1026 τούναντίον.

273 1057 413 1111 Quam
444 1059 498 1102 ob
530 1072 623 1103 rem
651 1060 850 1104 omnibus
872 1060 918 1104 in
939 1060 1080 1105 causis
1102 1060 1175 1104 alii
1197 1073 1368 1118 semper
1387 1062 1488 1104 sunt
1506 1062 1665 1116 motus,

275 1137 349 1195 qui
385 1137 579 1194 obstent,
622 1137 719 1194 alii,
763 1139 836 1195 qui
867 1139 1037 1196 prosint
1067 1140 1250 1183 oratoris
1281 1139 1513 1195 voluntati,
1553 1138 1666 1182 unde

271 1228 352 1274 per
391 1229 438 1259 se
475 1215 754 1273 intelligitur,
786 1217 833 1260 in
865 1217 933 1262 his
966 1216 1289 1273 exstinguendis
1319 1215 1489 1275 illisque
1519 1216 1664 1262 incen-

272 1294 425 1340 dendis
472 1309 677 1351 magnam
717 1296 901 1341 oratoris
945 1297 1151 1341 exsistere
1190 1297 1293 1340 vim.
1355 1296 1482 1341 Patet
1516 1297 1664 1353 igitur,

270 1377 517 1431 utrumque,
551 1377 594 1417 et
624 1373 733 1418 illud
759 1372 923 1432 ἠθικὸν
944 1378 987 1419 et
1007 1374 1089 1420 hoc
1109 1373 1376 1433 παθητικόν,
1406 1375 1452 1419 in
1473 1374 1664 1419 oratione

271 1453 513 1497 adhibitum
543 1453 734 1497 maximo
768 1453 822 1497 ad
855 1454 1200 1511 persuadendum
1233 1466 1327 1497 esse
1350 1456 1589 1506 momento;
1622 1456 1666 1496 et

269 1529 432 1575 fatetur
470 1530 552 1575 hoc
593 1530 765 1588 quidem
805 1531 901 1590 ipse
943 1530 1221 1585 Aristoteles3
1269 1535 1370 1576 sunt
1408 1531 1522 1576 enim
1561 1530 1666 1575 haec

273 1610 365 1653 eius
397 1609 528 1652 verba
559 1608 639 1666 (II,
673 1611 713 1653 1.
746 1623 790 1667 p.
826 1610 978 1654 137711
1011 1609 1125 1664 25.):
1166 1606 1292 1653 Πολι)
1326 1609 1527 1668 διαφέρει
1557 1607 1666 1667 πρὸς

274 1690 439 1741 πίστιν,
478 1687 673 1743 μάλιστα
709 1690 792 1744 μὲν
830 1688 880 1732 ἓν
918 1695 1015 1739 ταῖς
1053 1687 1338 1744 συμβουλαῖς,
1378 1690 1473 1732 εἶτα
1512 1693 1586 1732 καὶ
1616 1689 1666 1732 ἒν

270 1773 368 1819 ταῖς
406 1766 570 1818 δίκαις,
610 1765 659 1811 τὸ
697 1765 830 1811 ποιόν
860 1782 960 1811 τινα
991 1769 1239 1824 φαίνεσθαι
1268 1765 1345 1812 τὸν
1375 1766 1559 1822 λέγοντα
1590 1770 1666 1811 καὶ

272 1845 322 1890 τὸ
362 1845 471 1903 πρὸς
502 1843 665 1895 αὖτοῦς
703 1842 1038 1901 ὑπολαμβάνειν
1076 1844 1193 1899 ἔχειν
1223 1862 1315 1896 πως
1355 1844 1515 1897 αὐτόν,
1553 1844 1664 1901 πρὸς

276 1924 327 1968 δὲ
365 1920 536 1973 τούτοις
577 1920 659 1967 ἐὰν
690 1925 765 1966 καὶ
795 1921 925 1968 αὐτοὶ
959 1923 1225 1980 διακείμενοί
1255 1938 1348 1974 πως
1378 1921 1663 1979 τυγχάνωσιν.

271 2001 391 2047 Haec
422 2016 524 2047 vero
558 2015 655 2046 cum
686 2002 750 2045 ita
782 2002 884 2057 sint,
917 2014 1014 2046 cum
1046 2004 1230 2059 praeter
1251 2003 1663 2057 argumentationem

274 2081 407 2125 etiam
445 2080 526 2124 hae
567 2080 677 2124 duae
716 2093 808 2137 res,
846 2083 895 2125 ut
930 2079 1212 2125 concilientur
1243 2083 1287 2125 et
1315 2082 1366 2124 ut
1394 2083 1663 2138 moveantur,

274 2160 349 2216 qui
380 2160 580 2215 audiunt,
623 2159 677 2202 ad
708 2159 1054 2215 persuadendum
1085 2159 1258 2204 valeant
1286 2159 1493 2216 multum,
1524 2160 1663 2204 mani-

273 2238 382 2282 festo
426 2239 488 2294 ei,
530 2238 603 2295 qui
645 2241 819 2283 cunctas
850 2241 938 2282 tres
970 2238 1068 2282 illas
1098 2237 1247 2283 inierit
1276 2237 1487 2295 rationes,
1525 2237 1661 2283 multo

275 2317 431 2361 certior
471 2317 555 2360 erit
590 2316 727 2361 bonus
759 2330 912 2361 causae
944 2320 1122 2361 eventus
1155 2330 1285 2374 quam
1316 2316 1378 2373 ei,
1418 2317 1492 2374 qui
1521 2317 1567 2361 in
1598 2317 1662 2362 rei

273 2395 411 2453 ipsius
445 2395 691 2440 defensione
725 2396 1000 2453 acquieverit,
1032 2395 1210 2453 fierique
1231 2409 1367 2453 paene
1387 2410 1560 2441 necesse
1580 2399 1661 2453 est,

274 2476 339 2530 ut,
372 2474 409 2517 si
441 2474 549 2518 alter
580 2488 677 2519 cum
709 2474 843 2519 altero
875 2475 922 2518 in
950 2477 1168 2519 certamen
1190 2462 1470 2532 descenderit,
1501 2475 1554 2532 is,
1587 2475 1661 2533 qui

275 2553 408 2598 etiam
441 2554 604 2599 animos
636 2554 991 2612 per-tractaverit,
1034 2553 1259 2598 victoriam
1289 2557 1481 2612 reportet
1510 2554 1564 2599 de
1594 2567 1660 2610 eo,

274 2632 348 2690 qui
380 2631 462 2677 hoc
491 2631 632 2677 facere
661 2632 917 2690 neglexerit,
947 2632 1078 2690 idque
1108 2645 1158 2678 eo
1190 2633 1343 2691 magis,
1375 2632 1489 2690 quod
1513 2645 1660 2679 neces·
