1799 3119
804 197 862 242 43

144 323 245 368 teat.
299 318 461 365 Verum
498 331 596 364 cum
632 317 713 365 hoc
732 319 808 364 >ita
838 319 916 376 sit,
957 319 994 365 si
1022 332 1109 366 non
1140 330 1520 377 supervacaneum,

144 402 191 458 at
216 409 392 454 necesse
422 399 536 450 certe
565 409 652 442 non
678 400 771 443 erat
791 397 949 443 diserte
969 397 1138 455 dicere,¹
1157 400 1372 442 oratorem
1392 409 1519 455 opor-

144 482 233 525 tere
248 498 250 500 ·
264 474 531 519 definitiones
561 481 687 532 posse
716 477 955 523 instituere.
1000 476 1093 521 Hoc
1124 476 1255 533 enim,
1287 476 1331 519 si
1347 475 1519 532 quidem

145 569 218 614 ea,
254 553 408 612 quibus
436 551 566 599 fidem
582 553 688 601 ‘vult
717 555 915 614 adiungi,
946 554 1238 602 demonstrare
1268 553 1411 612 debet,
1441 566 1520 615 per

144 649 191 682 se
219 632 486 688 intelligitur.

231 710 313 757 His
345 710 560 770 expositis
591 710 644 757 de
675 710 897 760 dialectica
927 711 1055 769 satis,
1092 712 1267 770 opinor,
1305 725 1520 771 superque

142 791 302 835 dictum
333 792 414 841 est.
459 788 607 847 Neque
627 790 743 835 enim
762 788 902 839 solum
924 789 1202 846 ostendimus,
1233 792 1277 835 et
1294 789 1519 837 Platonem

141 871 185 914 et
212 867 491 913 Aristotelem
520 867 568 911 in
599 881 650 913 ea
669 870 889 929 versatum
921 880 1014 912 esse
1045 862 1167 912 velle·
1186 870 1415 924 oratorem,
1445 882 1518 914 ve-

140 952 239 992 rum
275 945 407 991 etiam
441 958 615 1004 causas,
654 938 730 992 cur
766 945 813 991 id
843 947 1023 1005 uterque
1054 944 1180 1004 velit,
1218 945 1521 1005 proposuimus

140 1029 206 1083 et,
237 1038 321 1082 quo
351 1025 445 1070 iure
476 1039 548 1070 eas
564 1033 662 1083 res,
693 1028 871 1084 propter
901 1039 1006 1083 quas
1038 1026 1107 1070 hic
1137 1025 1395 1070 rhetoricam
1425 1026 1519 1071 dia-

138 1103 290 1149 lectica
306 1110 436 1161 'egere
455 1106 615 1162 censet,
647 1104 840 1151 omiserit
857 1103 947 1162 ille,
979 1104 1194 1150 subtiliter
1213 1104 1518 1162 quaesivimus

140 1181 226 1227 Sed
253 1182 332 1225 vhis
368 1183 640 1239 pertractatis
670 1182 862 1242 nondum
892 1183 948 1226 ad
975 1182 1105 1227 finem
1136 1183 1250 1239 eius,
1291 1196 1421 1240 quam
1450 1184 1518 1227 in-

140 1259 380 1318 stituimus,
432 1260 693 1318 quaestionis
740 1260 1027 1318 pervenimus.
1088 1260 1238 1318 Neque
1283 1261 1400 1306 enim
1446 1264 1521 1306 aut

137 1338 260 1384 Plato
292 1341 368 1383 aut
396 1338 651 1385 Aristoteles
683 1351 805 1396 eum,
843 1339 940 1396 qui,
978 1338 1081 1396 quid
1112 1339 1170 1383 sit
1197 1338 1385 1396 iustum,
1416 1339 1520 1397 quid

138 1418 321 1476 bonum,
359 1403 462 1476 quid
480 1441 482 1443 ·
500 1417 751 1476 honestum,
790 1417 958 1465 noverit
995 1420 1215 1476 artemque
1250 1417 1519 1464 dialecticam

138 1497 350 1554 didicerit,
382 1497 489 1543 satis
518 1497 575 1542 ad
604 1497 831 1543 dicendum
851 1497 1109 1545 instructum
1127 1500 1518 1556 praeparatumque

137 1576 228 1621 fore
267 1576 507 1622 existimat:
554 1579 654 1622 sunt
694 1576 824 1622 etiam
865 1576 974 1623 aliae
1013 1576 1289 1635 disciplinae,
1335 1590 1519 1634 quarum

138 1655 424 1711 cognitionem
463 1655 518 1699 ad
556 1654 822 1712 eloquentiae
859 1655 1030 1702 laudem
1070 1656 1411 1713 consequendam
1448 1670 1517 1702 re-

138 1733 251 1791 quiri
282 1733 561 1779 arbitrantur.
608 1732 756 1792 Itaque
786 1736 937 1792 restat,
967 1737 1017 1780 ut
1047 1734 1099 1780 de
1126 1734 1194 1779 his
1216 1733 1517 1793 explicandum

138 1819 230 1858 esse
259 1812 469 1857 videatur.

228 1890 406 1937 Ceterae
436 1893 552 1936 artes
582 1890 907 1949 doctrinaeque,
946 1891 1101 1949 quibus
1129 1890 1308 1949 perinde
1339 1905 1389 1937 ac
1418 1892 1517 1938 rhe-

138 1970 296 2016 toricae
325 1970 595 2029 propositum
616 1973 683 2015 est
702 1970 755 2015 de
774 1970 844 2027 iis,
875 1970 922 2016 in
942 1970 1095 2027 quibus
1115 1973 1356 2027 versantur,
1386 1971 1518 2016 rebus

136 2049 408 2108 persuadere,
439 2049 761 2109 persuasionem
790 2051 840 2094 ut
869 2047 1069 2106 efficiant,
1101 2062 1195 2098 eam
1215 2049 1516 2107 ingrediuntur

137 2130 275 2188 viam,
312 2133 362 2174 ut
391 2129 628 2175 rationibus
659 2128 1005 2186 argumentisque
1035 2126 1261 2174 afferendis
1292 2142 1366 2187 ea,
1389 2144 1517 2188 quae

138 2208 310 2267 docent,
348 2208 601 2263 confirment
630 2218 817 2268 veraque
852 2221 944 2255 esse
976 2207 1279 2254 demonstrent.
1336 2207 1431 2260 Qua
1461 2209 1515 2255 ab

137 2288 422 2345 persuadendi
449 2288 649 2345 ratione,
678 2301 798 2345 ⁴quae
835 2290 927 2332 tota
964 2287 1019 2331 ad
1054 2290 1242 2331 mentem
1282 2289 1325 2330 et
1359 2287 1416 2331 ad
1446 2288 1514 2332 in-

137 2366 418 2424 telligentiam
456 2369 523 2412 est
556 2365 899 2423 accommodata,
938 2365 1107 2411 diversa
1136 2379 1187 2410 ac
1216 2363 1418 2411 differens
1449 2369 1516 2412 est

137 2457 201 2503 ea,
232 2459 362 2505 quam
381 2443 504 2504 Plato
535 2445 644 2491 inire
676 2445 909 2491 arbitratur
938 2444 1207 2491 rhetoricam.
1253 2443 1380 2490 Hanc
1400 2446 1513 2493 enim

137 2523 197 2568 ait
226 2525 273 2570 in
304 2525 459 2570 animis
483 2524 654 2570 studere
672 2523 994 2583 persuasionem
1015 2522 1197 2581 efficere,
1226 2523 1339 2571 hanc
1358 2523 1512 2568 animis

139 2604 350 2650 orationes
392 2603 640 2661 admovere,
677 2602 805 2648 huius
843 2605 981 2649 totum
1019 2602 1066 2647 in
1097 2603 1263 2651 animos
1294 2602 1414 2661 quasi
1444 2602 1511 2648 in-
