1799 3119
851 170 911 214 30

188 302 282 347 eos,
317 291 391 348 qui
421 290 617 348 improbe
648 293 742 335 arte
774 289 941 335 dicendi
972 293 1219 347 uterentur,
1259 290 1373 347 quod
1404 291 1477 347 qui
1507 290 1573 335 fa·-

186 373 334 415 cerent
361 383 584 427 nunquam
616 369 858 427 defuerunt,
890 373 1083 415 oratores
1115 370 1209 416 esse
1239 383 1325 414 non
1355 370 1574 427 putaverit

185 462 266 493 nec
294 449 381 493 nisi
411 449 506 492 viro
536 448 670 506 probo
703 449 886 493 oratoris
916 462 1073 493 nomen
1105 460 1352 493 concessum
1372 447 1570 492 voluerit.

186 527 228 572 A
269 541 352 585 quo
392 527 609 585 discrepat
639 526 919 585 Aristoteles,
958 528 1032 585 qui
1070 530 1114 572 et
1145 528 1304 573 bonum
1336 529 1379 571 et
1408 526 1571 571 malum

185 606 404 650 hominem
434 606 605 649 dicendi
634 608 822 664 peritum
844 620 936 651 esse
958 610 1173 650 oratorem
1193 610 1444 662 argumento
1466 605 1571 649 sim-

185 685 422 744 plicissimo
454 684 680 731 confirmat
712 685 783 743 (I,
808 689 848 731 1.
879 700 923 744 p.
950 686 1104 731 1355b
1134 686 1203 731 15.
1227 687 1352 743 sqq.).
1422 687 1571 730 Φανε-

186 763 290 822 ρόν,
323 764 488 822 inquit,
522 765 588 809 ὅτι
619 768 692 823 τῆς
724 763 857 823 αὐτῆς
888 762 940 809 τό
970 781 1015 810 ἰε
1047 762 1247 809 πιθανὸν
1276 766 1350 807 καὶ
1381 761 1429 808 τὸ
1463 780 1574 822 φαι-

186 844 375 898 νόμενον
406 844 519 887 ἰδεῖν
551 844 771 895 πιθανόν,
812 844 958 900 ὥσπερ
989 847 1065 886 καὶ
1096 843 1181 900 ἐπὶι
1198 844 1274 900 τῆς
1305 842 1574 900 διαλεκτικῆς

187 921 479 978 συλλογισμόν
494 938 555 964 ,τε
586 925 659 965 καὶ
692 922 964 978 φαινόμενον
995 919 1298 975 συλλογισμόν.
1346 917 1370 964 ὃ
1390 919 1475 976 γὰρ
1498 933 1574 964 σο-

185 997 385 1057 φιστικὸς
431 997 510 1044 οὐκ
558 1000 606 1042 ἓν
652 1003 703 1060 τῇ
751 999 937 1055 δυνάμει
982 997 1088 1041 ἀλλ’
1119 999 1168 1042 ἓν
1212 999 1263 1059 τῇ
1302 1001 1572 1057 προαιρέσει·

185 1077 300 1136 πλὴν
337 1078 541 1122 ἐνταῦθα
579 1080 662 1135 μὲν
703 1076 824 1121 ἔσται
854 1076 882 1122 ὅ
911 1080 993 1133 μὲν
1023 1078 1137 1120 κατὰ
1165 1075 1247 1135 τήν
1277 1076 1516 1136 ἐπιστήμην
1546 1076 1573 1121 ὃ

186 1157 236 1201 δὲ
273 1155 387 1200 κατὰ
425 1155 506 1214 τὴν
544 1159 799 1214 προαίρεσιν
838 1155 1001 1215 ῥήτωρ,
1040 1156 1132 1200 ἐκεῖ
1168 1155 1218 1199 δὲ
1257 1154 1460 1214 σοφιστὴς
1490 1158 1573 1212 μὲν

186 1235 299 1279 κατὰ
329 1233 407 1292 τὴν
439 1238 707 1292 προαίρεσιν,
739 1231 1009 1284 διαλεκτικὸς
1032 1234 1081 1278 δὲ
1103 1232 1155 1277 οὐ
1177 1232 1287 1277 κατὰ
1310 1231 1388 1292 τῆν
1410 1220 1570 1289 προαί-

186 1325 305 1371 ρεσιν
337 1308 457 1356 ἄλλα
487 1311 599 1357 κατὰ
632 1310 712 1371 τὴν
744 1312 949 1369 δύναμιν.
996 1311 1187 1365 Quorum
1211 1312 1440 1359 verborum
1474 1326 1570 1357 sen-

184 1393 320 1436 tentia
351 1392 455 1436 haec
487 1395 571 1436 est:
613 1391 717 1435 dicit
747 1391 987 1436 rhetoricae
1019 1405 1112 1435 esse
1144 1395 1187 1435 et
1218 1404 1289 1447 ea,
1329 1405 1438 1448 quae
1470 1392 1571 1447 sint,

184 1473 228 1515 et
267 1484 339 1527 ea,
380 1484 489 1528 quae
527 1470 756 1514 videantur
792 1483 931 1527 neque
969 1483 1017 1514 re
1048 1484 1151 1514 vera
1191 1470 1278 1514 sint
1315 1469 1571 1528 probabilia,

183 1549 479 1606 considerare,
518 1553 646 1606 atque
682 1550 730 1593 in
760 1549 841 1594 hac
871 1564 919 1593 re
951 1553 1089 1594 artem
1121 1549 1354 1594 oratoriam
1386 1548 1571 1593 similem

185 1642 279 1675 esse
312 1628 574 1686 dialecticae,
608 1642 716 1687 quae
747 1628 843 1687 ipsa
874 1642 1041 1687 quoque
1073 1632 1116 1675 et
1147 1629 1201 1674 ad
1222 1642 1347 1674 veros
1373 1627 1570 1687 syllogis-

182 1722 275 1752 mos
308 1712 352 1751 et
382 1708 438 1751 ad
470 1721 566 1764 eos,
599 1708 673 1764 qui
704 1708 953 1764 videantur,
984 1710 1211 1765 pertineat.
1269 1707 1327 1752 Ut
1359 1722 1459 1752 vero
1490 1708 1571 1752 hoc

182 1790 443 1843 congruant,
482 1786 546 1830 ita
584 1785 765 1830 alteram
805 1786 858 1830 ab
899 1785 1034 1830 altera
1066 1801 1114 1831 eo
1147 1786 1340 1844 differre,
1380 1785 1494 1843 quod
1524 1786 1570 1830 in

183 1865 407 1909 dialectica
439 1864 612 1921 quidem
644 1865 698 1921 ei,
731 1865 805 1922 qui
837 1865 1030 1909 consulto
1054 1865 1277 1910 fallacibus
1298 1865 1568 1910 conclusiun-

181 1943 288 1988 culis
320 1946 482 2000 utatur,
517 1942 733 2001 sophistae
764 1956 922 1987 nomen
954 1943 1214 2002 imponatur,
1245 1943 1316 1989 hic
1346 1944 1479 2000 igitur
1501 1957 1568 1987 se-

181 2025 382 2067 cernatur
414 2021 467 2066 ab
498 2021 588 2079 illo,
621 2022 694 2079 qui
725 2021 974 2067 facultatem
1007 2023 1180 2081 quidem
1211 2023 1298 2068 illis
1322 2022 1470 2067 utendi
1490 2021 1568 2066 ha-

179 2101 301 2159 beat,
350 2101 425 2146 sed
471 2116 557 2146 non
596 2105 765 2159 utatur,
813 2117 941 2160 quem
979 2103 1119 2147 solum
1159 2103 1429 2148 dialecticum
1468 2103 1566 2148 dici.

181 2180 340 2225 Contra
370 2181 417 2225 in
447 2180 662 2226 rhetorica
692 2195 806 2238 eum,
839 2182 913 2238 qui
941 2183 1141 2226 notitiam
1162 2182 1335 2240 quidem
1354 2182 1566 2227 malarum

179 2320 271 2365 erat,
299 2322 421 2357 orator
438 2317 563 2366 sciret,
590 2315 682 2367 quid
698 2322 799 2358 esset
815 2317 967 2368 iustum,
992 2323 1178 2368 oportere,
1201 2323 1340 2367 tamen,
1366 2317 1565 2367 quiaillud

177 2384 455 2423 Socraticorum
467 2387 662 2425 decretum
677 2386 925 2434 improbabat,
943 2388 1151 2425 concedere
1165 2387 1269 2424 nullo
1282 2386 1394 2424 modo
1407 2388 1564 2435 poterat,

177 2454 365 2490 oratorem
389 2463 465 2489 non
489 2464 601 2499 posse
626 2454 766 2492 iniuste
791 2465 917 2502 agere.
954 2454 1036 2499 Qua
1059 2454 1108 2492 de
1132 2463 1246 2491 causa
1269 2464 1327 2501 eo,
1353 2463 1466 2500 quem
1491 2456 1565 2491 sta-

176 2517 246 2557 tim
270 2517 484 2566 afferemus,
508 2520 591 2558 loco
616 2522 697 2559 iure
721 2521 890 2568 loquitur
909 2521 958 2559 de
979 2521 1138 2560 oratoris
1156 2521 1318 2569 improbi
1343 2520 1501 2559 consilio
1526 2523 1565 2557 et

176 2585 373 2625 voluntate
398 2587 630 2637 (προαιρέσει)
654 2587 822 2626 fallendi.
