1799 3119
911 140 969 186 56

258 258 543 320 dooebant²⁰),
575 262 697 321 quasi
727 260 834 308 nudi
865 264 994 320 atque
1024 262 1210 308 inermes
1242 261 1297 307 ad
1327 261 1478 307 causas
1498 262 1642 308 venie-

257 342 364 387 bant
392 341 596 399 nullaque
627 342 869 397 cognitione
899 355 1045 385 rerum
1077 343 1218 386 ornati
1241 340 1499 386 rhetoricam
1517 342 1644 387 facti-

258 421 422 466 tabant.
468 420 562 466 Hac
593 420 646 466 ab
678 434 883 480 perversa
911 420 1079 466 ratione
1101 422 1216 479 quod
1237 419 1429 466 oratores
1450 421 1645 467 avocavit

259 501 475 557 viamque,
507 513 592 556 qua
624 501 679 544 ad
699 514 846 545 veram
872 501 1171 557 perveniretur
1191 500 1492 557 eloquentiam,
1522 514 1644 544 mon—

259 579 436 636 stravit,
483 579 575 623 sine
622 578 712 642 ulla
759 578 1025 624 dubitatione
1073 576 1414 623 confirmaverim
1454 576 1646 623 Platonis

258 657 386 713 longe
416 658 656 701 maximum
687 658 741 701 de
772 660 865 701 arte
894 657 1108 701 rhetorica
1139 670 1233 701 esse
1263 657 1482 702 meritum.

349 734 444 780 Hac
489 736 605 780 haud
646 736 774 781 dubie
813 736 1070 792 gravissima
1105 736 1239 780 totius
1277 735 1647 780 commentationis

257 816 432 859 nostrae
460 817 588 873 parte
621 815 676 859 ad
705 813 835 859 finem
866 814 1088 872 perducta,
1121 815 1323 873 quoniam
1355 812 1464 859 duae
1497 828 1646 873 super-

260 897 362 938 sunt
392 894 663 950 quaestiones
695 908 721 938 a
750 893 928 938 Platone
960 894 1120 951 partim
1151 894 1197 940 in
1219 892 1380 948 Gorgia
1409 894 1571 951 partim
1600 894 1647 937 in

256 971 452 1016 Phaedro
485 984 714 1029 excussae,
746 972 906 1029 altera,
937 985 1042 1015 num
1074 985 1169 1028 ars,
1202 972 1361 1028 altera,
1393 984 1496 1015 num
1527 971 1646 1017 utilis

258 1051 317 1094 sit
345 1050 584 1107 rhetorica,
625 1050 841 1108 reliquum
872 1053 960 1107 est,
993 1053 1042 1094 ut
1072 1050 1140 1094 his
1172 1050 1225 1094 de
1255 1051 1384 1095 rebus
1417 1051 1519 1107 quid
1551 1064 1647 1105 sen-

257 1129 365 1173 serit
384 1128 508 1173 Plato
539 1142 729 1186 numque
759 1129 873 1174 idem
897 1130 1009 1187 quod
1031 1128 1288 1174 Aristoteles
1311 1129 1509 1186 senserit,
1538 1142 1646 1187 pau-

257 1208 320 1253 cis
360 1208 418 1252 sit
457 1208 773 1266 exponendum.
836 1209 902 1254 Ac
943 1209 1044 1267 quia
1081 1209 1128 1253 in
1159 1207 1320 1264 Gorgia
1351 1199 1525 1266 quidem
1555 1223 1648 1254 rem

257 1287 321 1331 ita
351 1287 556 1344 instituit,
588 1290 637 1331 ut
669 1288 908 1345 quaestioni
940 1288 1066 1332 alteri
1087 1287 1266 1331 alteram
1291 1288 1415 1345 quasi
1435 1288 1648 1333 intexeret

262 1369 305 1410 et
337 1368 609 1423 pertractans
643 1366 763 1410 illam
796 1366 851 1410 ad
881 1366 993 1410 hanc
1025 1360 1272 1411 solvendam
1304 1366 1432 1411 simul
1462 1367 1650 1411 muniret

257 1444 389 1501 viam,
422 1445 474 1489 ab
506 1444 587 1488 hoc
620 1457 816 1488 sermone
846 1444 1061 1502 proficisci
1093 1445 1366 1502 primumque
1397 1445 1504 1502 eius,
1537 1459 1648 1503 quae

257 1523 320 1568 ibi
358 1522 430 1580 fit,
471 1523 776 1581 disputationis
817 1523 995 1571 narrare
1033 1524 1247 1568 rationem
1286 1523 1506 1568 conducet.
1568 1523 1649 1569 Est

260 1605 405 1645 autem
446 1602 538 1646 eius
580 1603 693 1645 ratio
733 1602 823 1646 fere
864 1602 969 1646 haec
1001 1601 1125 1656 (inde
1146 1615 1180 1645 a
1206 1615 1250 1659 p.
1272 1603 1362 1646 462
1375 1601 1466 1657 8.).
1528 1601 1648 1660 Polo,

259 1679 446 1736 Gorgiae
476 1680 705 1736 familiari,
738 1681 834 1737 qui,
865 1683 1095 1738 postquam
1125 1680 1198 1724 ille
1231 1693 1257 1723 a
1288 1680 1464 1724 Socrate
1494 1681 1540 1724 in
1572 1694 1648 1725 an-

260 1758 426 1813 gustias
448 1757 695 1815 compulsus
715 1758 904 1814 reticuit,
937 1770 1178 1802 sermonem
1199 1757 1402 1816 suscepit,
1426 1758 1649 1815 quaerenti

262 1851 318 1881 ex
350 1836 549 1893 Socrate,
590 1849 822 1893 quamnam
864 1839 999 1881 artem
1040 1837 1212 1881 censeat
1252 1850 1345 1881 esse
1376 1837 1648 1894 rhetoricam,

260 1916 331 1960 hic
369 1915 625 1974 respondet,
667 1915 749 1960 sibi
781 1915 954 1973 quidem
986 1928 1081 1960 eam
1114 1914 1286 1959 omnino
1318 1915 1480 1960 nullam
1511 1916 1650 1961 videri

261 2008 356 2039 esse
398 1987 559 2050 artem,
599 1994 674 2039 sed
717 1995 1057 2039 observationem
1097 1994 1312 2051 quandam
1321 1992 1366 2048 ²¹)
1405 1995 1650 2051 (ἐμπειρίαν

335 2155 381 2199 ²⁰)
416 2153 476 2192 Cf.
500 2155 596 2191 Plat.
617 2155 732 2201 Gorg.
761 2165 800 2200 p.
817 2154 891 2191 459
906 2155 947 2191 C'.
972 2160 1072 2191 Pop.
1102 2156 1242 2191 Οὐκοῦν
1271 2154 1380 2199 πολλὴ
1412 2156 1588 2204 ῥᾳστώνη,
1621 2152 1651 2191 ὦ

263 2220 462 2271 Σώκρατες,
486 2223 658 2269 γίγνεται,
675 2219 726 2269 μῆ
747 2220 917 2269 μαθόντα
933 2218 994 2261 τὰς
1012 2221 1124 2261 ἄλλοις
1142 2222 1275 2270 π’χνας,
1294 2219 1386 2258 ἀλλὰ
1404 2223 1498 2270 μίαν
1514 2222 1649 2267 ταύτην,

263 2288 378 2336 μηδὲν
401 2289 632 2325 ἐλαττοῦσθαι
656 2288 725 2324 τῶν
750 2288 999 2338 δημιουργῶν;

338 2354 385 2399 ²²)
409 2354 491 2391 Hac
515 2364 630 2401 voce,
664 2364 762 2401 quae
794 2353 957 2391 maxime
982 2353 1128 2392 Graeco
1159 2352 1345 2391 vocabulo
1377 2353 1469 2391 mihi
1499 2354 1650 2392 videtur

265 2419 512 2468 respondere,
536 2421 730 2459 Ciceronis
753 2430 917 2468 sequens
941 2419 1202 2458 auctoritatem
1227 2423 1324 2468 utor,
1348 2420 1449 2468 apud
1474 2431 1586 2468 quem
1610 2421 1650 2458 in

264 2487 363 2525 libro
388 2486 508 2523 altero
532 2488 580 2524 de
599 2488 756 2525 Oratore
782 2488 832 2532 (c.
845 2487 903 2523 57.
930 2490 964 2531 ξ,
977 2487 1078 2532 232.)
1103 2487 1261 2524 Crassus
1284 2487 1380 2525 haee
1398 2490 1458 2524 est
1475 2487 1648 2534 loquens:

259 2553 270 2566 ‘
286 2552 402 2599 Quasi
427 2563 519 2591 vero
549 2552 683 2592 horum
715 2554 901 2603 ipsorum,
933 2553 981 2591 de
1014 2553 1152 2603 quibus
1176 2552 1367 2593 Antonius
1398 2553 1473 2591 iam
1501 2553 1568 2590 diu
1597 2552 1651 2591 10-
