1799 3119
897 154 956 199 ss

234 277 403 321 tentum
449 288 543 340 esse
589 278 807 322 certamen
851 273 1059 330 (Phaedn
1090 289 1135 337 p.
1168 276 1617 339 270E.—-271A.s5

232 354 401 412 ἅμιλλα
431 353 550 415 αὐτῷ
581 354 628 410 (i.
657 368 694 400 e.
725 356 786 415 τῷ
818 353 983 414 ῥήτορι)
1015 356 1190 399 τέταται
1220 352 1328 412 πρὸς
1357 353 1436 413 τὴν
1466 355 1619 416 ψυχὴν

232 434 390 490 πᾶσα).
435 433 632 492 Denique
663 433 910 479 universam
940 432 1199 479 rhetoricam
1232 433 1336 478 dicit
1365 447 1460 478 esse
1477 438 1617 481 artem

234 512 450 571 quandam
480 512 771 570 flexanimam‚
802 513 832 557 i.
860 525 897 557 e.
931 525 1041 570 quae
1071 512 1292 556 hominum
1323 510 1488 557 animos
1519 527 1617 562 ora-

231 591 444 649 tionibus,
483 593 533 635 ut
562 591 689 649 velit,
727 594 851 647 regat
889 593 933 636 et
969 590 1125 636 flectat.
1176 589 1229 635 V.
1262 605 1306 649 p.
1335 590 1491 637 2612«.
1516 587 1617 650 'Ap'

232 666 315 715 οὖν
353 667 410 716 οὔ
446 666 497 714 τὸ
532 672 615 727 μὲν
654 668 762 714 ὅλον
798 665 825 727 ἢ
864 666 1067 728 ῥητορικὴ
1106 670 1165 713 ἄν
1201 670 1268 727 εἴη
1303 672 1432 728 τέχνη
1463 678 1616 729 ψυχα-

230 750 370 803 γωγία
399 764 464 799 τις
491 745 571 793 διὰ
604 746 766 802 λόγωνς
798 747 852 792 cf.
881 745 1095 805 p.·2710.
1127 745 1278 805 ἐπειδὴ
1311 747 1444 802 λόγου
1476 745 1615 792 δύνα-

229 843 301 886 μις
330 826 535 884 τυγχάνει
567 828 834 885 ψυχαγωγία
864 820 989 878 οὖσα,
1021 842 1059 869 κ.
1083 842 1120 870 τ.
1138 825 1178 871 λ.
1229 824 1440 878 Quoniam
1470 828 1614 872 autem

229 905 337 951 haec
367 906 426 951 sit
456 906 547 951 eius
578 907 734 950 natura
763 917 814 951 ac
843 905 978 963 ratio,
1010 905 1125 961 cogit
1154 903 1423 963 colligitque,
1454 905 1616 950 oratori

228 985 521 1030 necessarium
552 998 646 1030 esse
668 998 812 1043 nosse,
844 984 1202 1043 quotnamanimi
1225 984 1428 1043 tanquam
1449 984 1614 1043 species

230 1065 319 1109 sint
363 1077 414 1109 ac
449 1065 614 1111 formae
652 1078 844 1122 quaeque
881 1064 1087 1121 cuiusque
1127 1077 1275 1109 earum
1312 1064 1613 1122 proprietates,

230 1145 274 1188 et
304 1155 388 1201 quo
420 1142 662 1188 orationum
694 1155 849 1199 genere
880 1142 1014 1187 animi
1044 1154 1125 1201 pro
1156 1155 1235 1187 sua
1255 1142 1435 1201 quisque
1454 1141 1613 1200 indole,

227 1225 279 1266 ut
308 1221 487 1267 credant
515 1221 728 1279 fidemque
758 1221 944 1267 habeant
974 1222 1043 1278 iis,
1075 1233 1185 1279 quae
1215 1221 1428 1279 dicantur,
1459 1221 1614 1266 adduci

226 1300 397 1358 possint
425 1298 486 1358 (p.
510 1300 708 1357 27111),
739 1300 845 1357 sive,
875 1302 925 1344 ut
955 1299 1058 1346 alibi
1090 1299 1150 1359 (p.
1174 1298 1349 1356 2703.)
1383 1300 1444 1345 ait
1462 1300 1613 1359 paucis

226 1377 334 1423 haec
369 1378 758 1437 comprehendens,
796 1381 1010 1424 oratorem
1041 1381 1239 1437 oportere
1272 1378 1405 1423 animi
1435 1377 1612 1423 humani

225 1459 490 1516 naturaeque
521 1457 613 1503 eius
644 1459 887 1503 accuratam
918 1460 1064 1503 tenere
1090 1457 1303 1504 notitiam.
1352 1457 1474 1512 Quod
1494 1461 1611 1503 recte

227 1550 275 1581 se
303 1537 367 1581 ita
397 1539 608 1594 statuere,
645 1538 776 1582 etiam
808 1551 859 1582 ea
888 1551 937 1583 re
967 1535 1151 1596 probare
1182 1540 1381 1595 conatur,
1412 1537 1526 1595 quod
1555 1550 1611 1581 ne

227 1614 419 1661 medicus
451 1615 646 1674 quidem,
686 1616 808 1661 cuius
840 1628 965 1661 omne
997 1615 1052 1660 ad
1083 1628 1239 1675 corpus
1271 1615 1398 1661 sicuti
1429 1616 1610 1663 oratoris

226 1694 281 1738 ad
312 1695 504 1739 animum
535 1695 751 1753 pertineat
780 1695 993 1752 studium,
1031 1696 1069 1740 si
1098 1709 1185 1739 non
1214 1708 1342 1739 usum
1373 1695 1511 1740 solum
1541 1708 1609 1740 se-

226 1786 361 1831 quens
400 1776 538 1818 artem
577 1787 698 1818 suam
741 1787 962 1830 exercere,
1009 1773 1086 1818 sed
1125 1787 1180 1818 ex
1216 1773 1383 1818 ratione
1422 1773 1609 1818 medica-

224 1851 383 1896 mentis
411 1850 664 1897 adhibendis
693 1851 857 1897 mederi
879 1851 1041 1897 morbis
1061 1864 1296 1911 aegrosque
1318 1865 1470 1898 sanare
1490 1852 1608 1910 velit,

223 1930 416 1989 corporis
460 1930 666 1976 interiore
711 1931 866 1976 notitia
911 1934 955 1977 et
1000 1931 1243 1988 cognitione
1287 1932 1425 1990 possit
1462 1945 1608 1977 carere

225 2008 286 2067 (p.
309 2009 400 2053 270
412 2007 501 2064 R).
548 2008 693 2066 Atque
721 2009 880 2055 idcirco
900 2009 1029 2069 plane
1050 2009 1250 2055 similiter
1270 2022 1321 2055 ac
1341 2023 1474 2069 supra
1494 2024 1608 2069 eum,

224 2088 298 2144 qui
334 2087 581 2132 dialecticae
613 2088 670 2132 sit
699 2088 877 2144 ignarus
908 2092 952 2133 et
981 2088 1127 2145 rudis,
1166 2088 1235 2133 hic
1266 2102 1387 2147 eum,
1425 2090 1499 2147 qui
1528 2104 1606 2135 na-

222 2168 342 2210 turas
373 2165 596 2210 hominum
625 2179 713 2211 non
744 2166 901 2211 habeat
931 2166 1176 2225 exploratas
1203 2168 1488 2227 paenitusque
1505 2182 1606 2228 per-

222 2247 406 2302 spectas,
433 2258 488 2289 ex
509 2247 601 2290 arte
621 2245 710 2290 ulla
731 2245 784 2290 de
805 2259 853 2290 re
871 2259 999 2304 posse
1019 2246 1161 2292 dicere
1180 2250 1311 2304 negat
1331 2247 1390 2305 (p.
1408 2247 1494 2292 271
1508 2248 1605 2303 B.);

221 2323 336 2367 caeci
377 2323 491 2367 enim
530 2324 615 2368 iter
654 2323 851 2369 facientis
888 2324 951 2369 ait
987 2324 1110 2369 illum
1144 2339 1242 2370 esse
1285 2325 1492 2383 similem,
1531 2326 1605 2384 qui

220 2401 314 2446 sine
353 2401 434 2446 hac
465 2403 645 2448 scientia
674 2402 932 2448 rhetoricam
968 2403 1157 2458 factitet;
1196 2418 1335 2461 neque
1360 2418 1462 2449 vero
1490 2406 1604 2451 caeci

218 2479 358 2524 instar
397 2479 550 2525 debere
588 2494 715 2537 agere
753 2494 873 2539 eum,
913 2482 987 2540 qui
1023 2482 1125 2541 quid
1157 2496 1211 2528 ex
1242 2485 1337 2528 arte
1365 2481 1492 2541 agere
1522 2497 1602 2542 pu-

219 2559 303 2603 tari
334 2558 483 2617 cupiat
513 2559 572 2616 (p.
598 2559 916 2617 270D.-E.).
