1799 3119
862 183 915 228 12

194 302 379 360 Gorgiae
411 317 504 349 esse
535 302 795 360 faciendum,
826 302 941 361 quod
973 302 1115 351 facere
1146 302 1299 350 debeat
1329 304 1383 362 is,
1416 306 1489 363 qui
1514 302 1583 350 vel

193 383 488 429 arithmeticae
518 382 588 427 vel
623 382 909 428 astronomiae
939 382 1026 447 vim
1062 386 1105 429 et
1135 386 1334 429 naturam
1366 384 1582 442 explicare

191 462 335 506 iussus
376 462 453 515 sit3
500 475 638 518 neque
677 462 794 506 enim
835 461 940 506 satis
980 475 1074 506 esse
1113 462 1276 519 dicere,
1317 476 1465 508 earum
1503 463 1581 508 has

194 555 288 587 esse
320 541 478 586 artium
510 554 565 585 ex
594 553 791 597 numero,
823 553 932 598 quae
954 539 1015 597 id,
1048 541 1161 597 quod
1185 542 1292 599 ipsis
1311 542 1581 600 propositum

193 621 265 677 sit,
294 619 560 665 orationibus
581 621 911 675 consequantur,
932 618 1008 662 sed
1027 617 1202 663 definite
1222 620 1450 665 dicendum
1471 633 1581 676 esse,

193 698 297 756 quid
328 698 400 756 sit,
432 698 486 744 de
518 711 601 755 quo
634 710 733 742 suas
765 709 958 754 quaeque
989 696 1188 743 instituat
1218 699 1446 749 orationes.
1494 698 1580 744 Ne·

193 791 275 834 que
314 781 461 821 tamen
500 791 549 821 eo
587 777 726 831 magis
766 775 1001 833 sophistes,
1038 780 1088 819 ut
1126 790 1273 834 presse
1308 778 1580 835 respondeat,

192 855 434 901 adducitur.
474 854 735 903 Circuitione
767 856 810 899 et
841 853 1053 899 amfractu
1084 868 1187 899 usus
1213 854 1272 914 (p.
1292 855 1379 901 451
1395 854 1469 911 D.)
1492 855 1580 901 dis-

190 935 462 994 putationem·
492 933 601 977 clam
635 946 684 977 eo
715 931 980 989 transducit,
1018 936 1068 976 ut
1098 933 1158 993 de¹
1178 933 1222 977 vi
1255 937 1298 977 et
1329 933 1579 978 efficacitate

189 1014 430 1059 rhetoricae
460 1012 663 1070 loquatur
694 1010 762 1070 (p.
784 1011 874 1057 452
886 1010 941 1056 E.
950 1010 983 1069 )‚
1018 997 1266 1069 quaestione
1297 1012 1373 1058 illa
1404 1012 1457 1058 de
1486 1027 1579 1058 ma-

190 1093 302 1137 teria
331 1093 378 1136 in
409 1092 551 1136 medio
583 1091 747 1135 relicta.
799 1089 949 1146 Itaque
978 1091 1109 1147 paulo
1139 1095 1240 1149 post
1270 1091 1467 1136 Socrates
1496 1092 1581 1136 huc

191 1184 290 1215 eum
330 1173 504 1215 revocat
543 1170 609 1227 (p.
633 1169 723 1213 453
737 1167 812 1222 B.)
854 1168 978 1224 eique
1015 1168 1097 1214 hoc
1132 1170 1307 1214 tandem
1339 1173 1579 1226 extorquet,

189 1253 240 1293 ut
278 1248 334 1293 ad
369 1248 486 1292 iusta
527 1251 571 1292 et
605 1247 766 1291 iniusta
795 1247 1012 1305 pertinere
1043 1248 1300 1292 rhetoricam
1332 1248 1579 1306 pronuntiet

190 1327 257 1386 (p.
280 1327 372 1371 454
383 1325 471 1380 B.).
531 1325 699 1371 Deinde
735 1324 991 1382 interposita
1029 1326 1115 1369 alia
1150 1326 1398 1382 quaestione
1429 1340 1578 1370 rursus

189 1405 243 1451 de
284 1405 468 1450 materia
505 1404 715 1450 disserere
756 1403 954 1461 pergitur
994 1403 1061 1463 (p.
1091 1405 1181 1449 455
1195 1402 1294 1461 B.)‚
1335 1404 1578 1450 sciscitante

190 1484 389 1541 Socrate,
429 1497 534 1527 num
573 1496 622 1527 re
653 1494 755 1527 vera
794 1485 939 1526 orator
975 1485 1066 1527 tam
1105 1483 1210 1529 artis
1243 1485 1286 1528 et
1316 1483 1578 1527 circumcisis

190 1562 349 1609 finibus
389 1563 681 1618 contineatur,
721 1563 771 1605 ut
809 1560 862 1605 de
899 1561 1013 1605 iusto
1051 1564 1221 1606 tantum
1259 1564 1303 1607 et
1338 1561 1499 1606 iniusto
1538 1562 1578 1607 ei

191 1642 250 1685 sit
280 1640 522 1685 dicendum.
572 1639 652 1683 Cui
684 1639 876 1696 opinioni
907 1652 1044 1696 neque
1067 1639 1286 1684 Socratem
1317 1653 1471 1697 neque,
1504 1641 1578 1698 qui

189 1721 280 1764 eius
312 1732 523 1778 personae
554 1719 716 1774 subest,
747 1716 971 1762 Platonem
999 1719 1215 1775 assentiri,
1248 1733 1302 1763 ex
1322 1720 1470 1764 multis
1488 1720 1576 1764 illis

189 1802 234 1842 et
272 1798 428 1854 variis,
472 1811 581 1854 quae
618 1799 941 1854 proponuntur,
979 1797 1189 1854 exemplis
1228 1811 1375 1842 earum
1415 1812 1576 1855 rerum,

190 1890 296 1933 quas
328 1875 511 1931 Gorgias
542 1890 568 1918 a
599 1875 812 1919 rhetorica
843 1873 1039 1918 exclusas
1070 1875 1180 1919 velle
1204 1875 1415 1932 videatur,
1447 1890 1574 1933 quam

186 1954 376 1999 maxime
419 1954 697 2013 perspicuum
737 1955 804 1996 est
840 1954 969 2009 atque
1008 1955 1219 2010 apertum.
1283 1953 1445 2006 Quibus
1482 1955 1576 2012 ipse

188 2033 387 2089 Gorgias,
425 2036 633 2089 quantum
664 2032 717 2076 de
748 2033 841 2075 arte
873 2044 952 2075 sua
981 2031 1294 2076 inconsiderate
1325 2033 1575 2090 detraxerit,

189 2111 551 2157 commonefactus
572 2111 670 2160 *iam
701 2109 852 2155 relicta
882 2110 1018 2168 priori
1050 2110 1262 2155 sententia
1292 2124 1341 2156 eo
1365 2112 1574 2170 procedit,

187 2194 237 2234 ut
273 2190 436 2235 nullam
474 2204 651 2248 prorsus
690 2203 783 2233 esse
821 2202 914 2232 rem
954 2188 1202 2246 contendat,
1244 2189 1296 2234 de
1335 2204 1420 2247 qua
1459 2192 1575 2250 apud

188 2269 410 2314 hominum
457 2268 780 2313 multitudinem
826 2269 970 2311 orator
1014 2280 1100 2312 non
1138 2268 1194 2313 ad
1229 2269 1573 2327 persuadendum

189 2348 332 2406 aptius
372 2361 501 2405 quam
531 2348 626 2406 ipse
657 2346 730 2391 ille
762 2346 853 2390 cius
884 2345 949 2391 rei
981 2346 1125 2403 opifex
1158 2350 1201 2391 et
1231 2348 1387 2392 artifex
1419 2348 1477 2392 sit
1507 2348 1572 2392 di-

189 2431 351 2471 cturus,
411 2425 476 2469 Οὐ
505 2425 590 2483 γάρ
622 2425 731 2478 ἔστι,
767 2425 930 2481 inquit,
963 2428 1061 2480 περὶ
1091 2423 1197 2468 ὅτου
1227 2423 1306 2469 οὐκ
1338 2424 1397 2469 ἄν
1426 2430 1572 2470 πιθα-

187 2505 382 2563 νώτερον
419 2507 534 2548 εἴποι
572 2502 596 2549 ὃ
636 2501 861 2564 ῥητορικὸς
900 2501 929 2562 ἢ
965 2502 1099 2552 ἄλλος
1138 2502 1338 2549 ὁστισοῦν
1373 2506 1460 2550 τῶν
1492 2507 1572 2563 δη-

186 2583 410 2643 μιουργῶν
441 2581 490 2626 ἓν
529 2583 691 2640 πλήθει
725 2582 793 2642 (p.
822 2582 912 2627 456
926 2581 1017 2636 0.);
1049 2595 1186 2640 neque
1216 2583 1278 2627 ita
1307 2583 1442 2628 multo
1474 2587 1573 2642 post
