1799 3119
784 256 842 300 47

126 372 372 427 ἀποδεῖξαι
411 370 622 432 περίεργά
663 373 825 433 ἔστιν),
869 389 990 421 mera
1032 374 1324 423 additamenta
1361 373 1426 433 (Ι,’
1461 375 1501 420 1.

127 468 170 514 p;
203 449 358 497 13540
393 452 463 498 13.
502 449 561 495 αἶ’
588 450 671 513 γὰρ
699 455 873 507 ’πίστεις
899 452 1106 512 ἔντεχνόν
1134 452 1224 498 ἔστι
1253 453 1409 511 μόνον,
1446 451 1501 497 τοὶ

126 531 178 577 δ’
192 528 316 575 ’ἄλλα
346 531 633 589 προσθῆκαι),
646 550 648 552 >
663 531 853 591 speciem'
880 534 1093 590 quandam
1125 534 1255 590 atque
1284 546 1502 590 pompam,

127 609 182 655 ad
226 604 460 653 turbandos
499 620 595 667 eos,
642 609 717 667 qui
755 608 952 669 audiant,
997 611 1279 671 compositam
1320 608 1427 668 (ΠΙ,
1462 610 1500 654 1.

125 687 350 746 p.·.14o·4a
375 683 445 731 11.
477 685 579 731 ἀλλ’
601 688 779 733 ἅπαντα
798 693 1026 746 φαντασία
1046 688 1170 733 ταῦτ’
1190 690 1280 733 ἐστὶ
1299 687 1502 745 καὶπρὸς

123 762 219 811 ἰδ-ν’
237 762 473 824 ἀκροατήν.
532 763 651 813 Haec
689 765 742 812 de
777 767 943 813 actione
972 767 1161 813 maxime
1191 771 1236 812 et
1264 767 1501 813 elocutione

122 842 265 899 dicit).
326 842 393 889 Ac
428 848 659 903 propterea
695 845 912 902 rhetores,
959 846 1032 902 qui
1069 849 1168 889 ante
1203 846 1347 903 ipsum
1387 848 1501 890 artes

123 922 331 968 oratorias
363 916 695 982 composuerint,
727 923 868 970 officio
899 937 976 968 suo
1006 923 1502 985 minima-tantummodo

123 1014 178 1045 ex
206 1001 341 1059 parte
355 999 517 1047 iudicat
537 1017 630 1048 esse
649 1004 833 1061 functos,
866 1003 1068 1061 quoniam
1090 1002 1501 1058 argumentationem

121 1090 257 1137 paene
295 1080 404 1125 nihil
442 1078 686 1127 curaverint
719 1082 803 1127 toti
840 1081 887 1126 in
927 1081 1123 1127 doctrina
1155 1080 1232 1125 illa
1261 1080 1501 1137 haerentes,

120 1170 230 1215 quae
269 1157 326 1202 sit
363 1158 415 1204 de
454 1160 693 1205 animorum
728 1158 916 1206 motibus
945 1160 1140 1205 oratione
1169 1157 1500 1204 inflammandis.

120 1234 190 1280 De
217 1235 284 1280 his
316 1239 460 1282 autem
491 1238 565 1295 qui
595 1238 669 1283 det
696 1242 941 1297 praecepta,
973 1251 1071 1283 eum
1090 1251 1161 1283 res
1183 1241 1308 1282 extra
1327 1250 1500 1282 causam

122 1313 227 1360 sitas
266 1315 436 1360 tradere
475 1316 597 1375 (περὶ
634 1318 721 1361 τῶν
759 1316 846 1371 ἔξω
884 1317 963 1360 τοῦ
1000 1315 1257 1374 πράγματος
1293 1316 1501 1374 πράγμα-

59 1418 62 1422 «
120 1391 363 1449 vedeo-9010).
424 1393 536 1438 Nam
583 1394 729 1439 odium
737 1391 785 1451 ¹⁸)
831 1398 876 1440 et
919 1393 1259 1439 misericordiam
1304 1397 1348 1439 et
1389 1394 1500 1438 iram

120 1485 313 1530 quaeque
350 1475 523 1531 praeter
546 1473 638 1532 ‘has
678 1470 765 1518 sint
804 1474 936 1518 animi
975 1473 1281 1518 commotiones
1318 1485 1405 1517 non
1444 1471 1500 1517 ad

119 1562 293 1595 causam
311 1551 538 1609 pertinere
569 1551 645 1596 sed
676 1552 731 1596 ad
761 1551 946 1597 iudicem
978 1550 1029 1609 (Ι,
1054 1553 1094 1596 1.
1115 1565 1159 1610 p.
1185 1551 1343 1595 1354a
1366 1551 1497 1595 11.—

122 1628 225 1683 18.).
272 1628 369 1673 Iure
405 1633 549 1674 autem
578 1630 625 1674 in
654 1630 899 1676 civitatibus
928 1629 1146 1676 nonnullis
1175 1629 1285 1674 bene
1316 1628 1499 1673 admini-

118 1706 266 1751 stratis
295 1707 548 1765 iudiciisque
579 1707 858 1765 quibusdam,
898 1707 1017 1752 velut
1045 1707 1092 1751 in
1122 1706 1372 1765 Areopago,
1403 1719 1499 1751 ora-

118 1787 256 1829 torem
293 1785 458 1842 legibus
490 1786 626 1831 vetari
664 1786 719 1831 de
753 1800 802 1831 re
831 1786 1054 1845 proposita
1083 1785 1321 1840 discedere3
1359 1782 1499 1843 neque

118 1862 233 1907 enim
270 1867 468 1922 oportere
506 1860 660 1909 iudicis
698 1867 885 1909 mentem
926 1864 1049 1922 quasi
1087 1864 1341 1921 detorquere
1372 1862 1500 1919 (δια-

118 1943 343 2001 στρέφειν)
387 1943 454 1987 ira
500 1939 576 1988 aut
621 1944 785 1988 invidia
823 1947 900 1988 aut
935 1943 1230 1988 misericordia
1266 1943 1498 1996 movenda;

116 2033 218 2065 nam
256 2020 337 2066 hoc
373 2034 460 2066 non
499 2034 619 2066 secus
659 2035 775 2079 esse,
823 2017 874 2066 ac
913 2021 950 2065 si
989 2017 1085 2078 quis
1124 2033 1208 2078 qua
1244 2034 1402 2065 usurus
1440 2020 1498 2064 sit

116 2099 309 2156 regulam
339 2100 534 2147 incurvet
564 2104 608 2146 et
636 2099 826 2146 inflectat
857 2100 984 2156 (ibid.
1012 2114 1053 2144 v.
1087 2100 1157 2144 19.
1180 2098 1306 2157 sqq.),
1360 2098 1497 2144 Immo

117 2189 301 2235 aequum
332 2192 426 2224 esse
455 2178 501 2223 in
532 2178 613 2224 hac
643 2181 737 2223 arte
766 2178 830 2223 ita
858 2177 1046 2235 versari,
1078 2180 1128 2221 ut
1156 2177 1212 2234 ii,
1244 2176 1360 2235 apud
1391 2189 1498 2235 quos

116 2256 247 2303 verba
283 2256 411 2316 fiant,
448 2271 529 2304 nec
552 2258 621 2303 *ad
655 2257 767 2303 iram
796 2270 877 2303 nec
906 2253 962 2302 ad
993 2255 1182 2302 studium
1211 2255 1496 2311 deducantur3

189 2396 234 2441 ²³)
265 2394 492 2434 Aristoteles
520 2394 640 2433 utitur
669 2391 786 2433 verbo
817 2395 986 2441 διαβολῆς
1015 2404 1091 2432 non
1122 2393 1246 2440 ipsum
1277 2391 1394 2431 animi
1419 2403 1494 2431 mo-

115 2461 215 2507 tum,
246 2461 314 2498 sed
346 2471 498 2499 causam
514 2461 605 2498 reius
630 2459 867 2508 significans3
898 2459 932 2496 is
956 2463 1082 2497 autem
1106 2462 1248 2506 motus,
1281 2460 1349 2507 qui
1374 2459 1493 2497 crimi—

116 2524 239 2564 nando
270 2527 498 2574 concitatur,
531 2530 591 2565 est
622 2526 750 2564 odium
783 2525 820 2571 (ἦ
849 2528 981 2575 ἔχθρα,
1013 2524 1049 2569 ιδ
1080 2528 1221 2575 μῖσος);
1254 2524 1303 2563 ef.
1336 2525 1494 2563 Aristot.

114 2588 267 2648 Rhetor.
291 2593 348 2641 H,
365 2593 400 2632 4.
424 2604 463 2641 p.
481 2593 608 2632 1382a
633 2594 666 2630 1.
699 2591 859 2639 ποιητικὰ
892 2592 929 2629 δ’
955 2594 1090 2640 ἔχθρας
1122 2592 1234 2643 ὀργή,
1267 2590 1495 2641 ἔπηρεασμὸς,

116 2656 275 2706 διαβολή.
