1799 3119
872 270 899 314 7

198 406 248 441 ae
285 392 493 439 lectitatis
530 391 796 452 amplissima
833 391 1040 437 materiae
1070 390 1194 450 eopia
1223 389 1459 436 instructus
1488 394 1580 437 tres

198 475 250 519 de
274 476 374 519 *arte
404 474 618 520 rhetorica
646 473 901 532 conscripsit
929 472 1061 517 libros
1092 471 1139 516 in
1171 484 1297 516 omne
1320 472 1491 528 tempus
1511 471 1578 515 in·-

198 553 359 613 signcs·
378 556 421 597 et
461 551 692 610 notabiles,
731 552 885 611 quibus
919 551 983 596 rei
1014 550 1263 609 propositae
1294 549 1493 595 omnibus
1524 563 1578 594 ex

195 631 390 690 partibus
435 634 526 676 tam
564 632 733 688 egregie
771 630 1003 686 satisfecit,
1048 632 1098 673 ut
1135 643 1214 688 per
1250 628 1477 674 interiecta
1514 631 1579 672 tot

196 710 366 756 saecula
402 711 645 756 retractatis
683 711 841 757 totiens
878 710 947 755 his
982 708 1137 753 studiis
1168 708 1402 768 perfectius
1432 711 1578 753 tamen

193 789 240 835 in
276 790 358 835 hoe
393 803 549 847 genere
586 790 695 836 nihil
723 802 803 836 nec
832 793 1026 835 veterum
1056 800 1137 833 nec
1165 788 1451 835 recentiorum
1483 786 1575 835 effi-

193 881 289 914 cere
318 870 510 926 potuerit
538 870 764 914 industria.

283 945 401 1001 Quae
440 961 537 994 cum
576 948 639 994 ita
678 948 790 1005 sint,
831 960 929 993 cum
967 946 1208 1005 prinoipem
1247 945 1439 991 omnium
1477 946 1575 992 rhe-

192 1029 348 1071 torum·
379 1025 523 1072 locum
548 1027 693 1082 *facile
738 1027 929 1072 obtineat
966 1024 1247 1083 AristoteleS,
1294 1028 1393 1070 ante
1432 1028 1577 1070 autem

191 1105 468 1150 Aristotelem
515 1110 725 1164 quotquot
751 1107 812 1150 ·in
858 1106 939 1150 hac
977 1108 1069 1150 arte
1108 1109 1346 1163 posuerunt
1383 1116 1575 1162 operam,

193 1196 339 1228 eorum
378 1197 503 1229 nemo
542 1188 617 1229 aut
654 1185 858 1230 anteferri
898 1183 1275 1242 autsaequiparari
1297 1184 1444 1243 'possit
1474 1182 1573 1229 Pla-

191 1264 307 1318 toni,
347 1264 505 1320 quippe
543 1265 618 1319 qui
656 1264 822 1321 primus
859 1264 1081 1308 meliorem
1120 1263 1236 1306 viam
1269 1264 1574 1319 rationemque

190 1340 427 1386 rhetoricae
466 1341 727 1387 exercendae
766 1340 1092 1397 monstraverit,
1137 1339 1252 1385 haud
1292 1353 1386 1388 esse
1423 1340 1575 1386 inutile

189 1420 297 1464 mihi
336 1420 527 1477 videtur,
567 1434 675 1478 quae
712 1421 760 1466 in
795 1419 956 1475 Gorgia
985 1418 1264 1476 Phaedroque
1302 1419 1483 1476 dialogis
1520 1420 1575 1465 de

189 1502 282 1543 arte
319 1499 488 1544 dicendi
518 1499 703 1545 tradidit
728 1498 873 1555 Plato,
913 1511 1010 1544 cum
1041 1498 1288 1544 Aristotelis
1319 1499 1441 1545 libris
1473 1500 1572 1545 rhe-

189 1577 338 1624 toricis
367 1591 632 1636 comparare,
663 1577 1013 1635 consentiantque
1045 1591 1101 1621 an
1131 1577 1387 1624 dissentiant
1414 1578 1461 1625 in
1481 1579 1570 1623 sin-

188 1655 302 1712 gulis
322 1656 574 1714 quibusque,
606 1656 659 1701 de
680 1656 834 1714 quibus
854 1656 928 1701 ine
949 1656 1166 1714 disseruit,
1194 1656 1324 1701 rebus
1345 1657 1573 1713 diligenter

189 1737 468 1792 accurateque
503 1748 719 1792 quaerere.
783 1735 877 1787 Qua
909 1734 1157 1791 quaestione
1187 1735 1443 1780 excutienda
1474 1749 1572 1781 cum

189 1814 244 1859 ad
279 1813 578 1859 illustrandam
609 1829 728 1871 eam,
767 1826 877 1871 quae
906 1814 1078 1859 omnino
1108 1813 1222 1859 inter
1241 1828 1444 1860 summos
1473 1816 1571 1861 illos

189 1892 322 1936 totius
368 1893 653 1949 antiquitatis·
681 1892 960 1951 philosophos
999 1893 1313 1949 intercesserit,
1360 1894 1572 1940 rationem

186 1969 382 2014 nonnihil
410 1970 614 2017 collatum
644 1972 700 2016 iri
728 1975 893 2029 putem,
926 1971 963 2017 si
994 1971 1087 2029 ipse
1117 1971 1198 2016 hoc
1218 1985 1375 2017 munus
1400 1974 1570 2019 subiero

187 2051 253 2106 et,
293 2052 501 2105 quantum
531 2050 579 2094 in
607 2063 677 2095 me
707 2053 775 2094 est
805 2049 984 2106 virium,
1016 2049 1266 2107 explevero,
1296 2054 1474 2108 propter
1504 2051 1569 2095 rei

187 2127 442 2182 gravitatem
474 2128 643 2174 confido
669 2128 776 2173 mihi
804 2142 892 2173 non
908 2124 1159 2173 ‘timendum
1179 2129 1285 2186 fore,
1316 2143 1371 2174 ne
1393 2143 1569 2188 operam

186 2204 304 2251 dicar
334 2206 587 2265 perdidisse.

276 2283 533 2343 Priusquam
565 2290 710 2333 tamen
742 2287 799 2332 ad
826 2287 967 2345 ipsam
996 2300 1088 2332 rem
1120 2287 1359 2344 accedatur,
1395 2287 1568 2333 silentio

185 2365 615 2419 praetermittendum
654 2380 741 2411 non
779 2365 973 2421 videtur,
1019 2366 1064 2409 in
1105 2366 1307 2423 opusculo
1345 2366 1425 2410 hoe
1466 2380 1567 2411 con-

186 2442 408 2487 scribendo
445 2456 515 2487 me
544 2444 736 2489 virorum
777 2443 999 2489 doctorum
1039 2443 1199 2488 auxilio
1239 2448 1282 2488 et
1320 2443 1566 2491 adiumento

185 2531 322 2575 paene
360 2534 539 2577 prorsus
573 2521 825 2567 destitutum
855 2535 1036 2578 meoque
1065 2522 1155 2566 fere
1184 2522 1343 2579 ubique
1374 2536 1566 2580 pugnare

184 2595 324 2642 Marte
354 2602 547 2644 coactum
578 2600 725 2646 fuisse.
773 2599 923 2645 Latius
954 2599 1069 2646 enim
1101 2604 1144 2644 et
1170 2600 1309 2646 fusius
1330 2601 1384 2646 de
1404 2602 1483 2646 hac
1503 2614 1564 2657 re,

186 2688 315 2732 quam
352 2677 460 2721 mihi
497 2680 724 2736 proposui,
771 2692 896 2723 nemo
909 2712 921 2735 ,
962 2678 1075 2735 quod
1115 2679 1276 2738 sciam,
1314 2679 1563 2737 disputavit.
