1799 3119
839 212 897 256 29

176 341 270 374 esse
303 332 459 389 orator,
492 331 594 391 quid
626 333 683 378 sit
711 334 871 379 iustum
894 337 937 380 et
955 333 1178 391 iniustum,
1211 332 1408 378 didicerit
1427 332 1553 378 iusti-

174 407 344 466 tiaeque
391 413 434 455 et
478 411 714 459 iniustitiae
759 416 958 459 naturam
1000 427 1050 459 ac
1087 412 1298 457 rationem
1338 413 1550 467 cognitam

174 485 341 533 habeat.
404 489 495 542 Quo
534 491 672 549 posito
694 506 789 551 rper
824 492 1112 537 inductionem
1153 490 1391 546 concludit,
1438 503 1551 546 eum,

176 565 249 622 qui
279 566 393 611 iusta
424 568 634 626 didicerit,
664 571 826 614 iustum
857 567 1008 626 esse⁸),
1041 584 1094 614 ex
1126 583 1208 626 quo
1231 567 1377 624 efficit,
1409 571 1552 612 orator

173 642 312 688 iustus
351 645 408 689 sit
448 659 620 692 necesse
652 661 757 692 esse.
812 646 905 692 Hoc
936 646 1209 704 comprobato
1241 647 1443 704 deinceps
1475 660 1550 691 ex-

172 721 326 780 plicat,
362 723 578 769 hominem
608 725 769 770 iustum
802 739 971 783 semper
999 724 1110 770 velle
1140 725 1252 768 iuste
1281 725 1444 783 facere,
1483 725 1550 769 in-

172 799 284 845 iuste
314 801 448 857 igitur
477 817 696 861 nunquam
727 802 836 848 velle
866 803 1026 857 facere3
1065 802 1178 847 unde
1209 803 1336 860 cogit,
1366 817 1421 847 ne
1453 817 1550 848 ora-

172 879 310 923 torem
341 879 527 939 quidem,
559 884 707 939 utpote
739 894 865 939 quem
895 880 1056 925 iustum
1090 894 1182 925 esse
1214 880 1551 925 demonstratum

174 956 253 1013 sit,
301 971 487 1015 unquam
525 960 684 1003 iniuste
724 973 852 1016 agere
890 958 1024 1016 velle,
1066 972 1204 1016 neque
1242 972 1341 1003 eum
1379 958 1551 1002 omnino

172 1048 298 1092 posse
334 1036 492 1081 iniuste
532 1041 624 1082 arte
662 1037 876 1082 rhetorica
914 1038 990 1082 uti.
1043 1036 1095 1081 V.
1125 1051 1168 1095 p.
1198 1037 1284 1081 461
1300 1038 1356 1081 Α.
1389 1034 1552 1094 ὁμολο-

171 1120 310 1167 rervm
355 1112 434 1176 τὸν
473 1113 697 1173 ῥητορικὸν
736 1112 964 1161 ἀδύνατον
1002 1118 1117 1160 εἶναι
1156 1114 1318 1167 ἀδίκως
1355 1116 1552 1173 χρῆσθαι

170 1193 222 1252 τῇ
261 1191 461 1255 ῥητορικῇ
470 1189 518 1249 ⁹).
580 1192 649 1237 Ex
687 1193 768 1239 hoc
807 1195 1047 1240 necessario
1087 1194 1301 1252 sequitur,
1341 1197 1390 1238 ut
1426 1192 1551 1238 Plato

246 1360 276 1405 ⁸)
309 1359 365 1406 Is,
397 1358 463 1407 qui
486 1359 667 1408 sequitur,
698 1359 805 1399 locus
834 1359 916 1400 sine
941 1359 1019 1399 ulla
1042 1358 1277 1399 dubitatione
1300 1358 1445 1407 aliquid
1468 1360 1554 1398 vitii

171 1424 376 1473 contraxit3
402 1436 526 1472 neque
550 1426 649 1463 enim
675 1430 779 1464 recte
802 1427 975 1473 procedit
998 1427 1287 1474 argumentatio.
1332 1426 1441 1471 Quod
1466 1437 1552 1463 cum

169 1489 444 1528 intellexissent
473 1491 545 1528 viri
569 1491 691 1539 docti,
721 1492 845 1530 varias
877 1493 926 1530 ad
959 1503 1046 1530 eum
1078 1492 1354 1531 emendandum
1386 1492 1552 1530 inierunt

172 1556 348 1603 rationes,
373 1557 441 1594 sed
464 1557 575 1594 valde
599 1568 742 1605 vereor,
767 1569 816 1595 ne
840 1569 951 1597 nemo
970 1560 1098 1596 eorum
1119 1569 1250 1595 verum
1270 1558 1422 1595 viderit.
1459 1557 1552 1595 Mihi

170 1622 270 1659 enim
302 1622 376 1659 ista
402 1622 442 1659 ‘d
478 1624 517 1660 δὲ
549 1625 689 1664 δίκαιος
721 1626 846 1661 δίκαιά
867 1638 938 1662 που
963 1625 1121 1675 nguine?
1149 1624 1352 1662 subditicia
1374 1623 1553 1661 videntur

169 1697 264 1734 esse,
289 1698 374 1725 cum
400 1691 439 1725 et
462 1675 784 1726 ratiocinationem
809 1690 1084 1736 intel-rumpant
1109 1692 1210 1735 (nam
1230 1693 1430 1737 postquam
1452 1700 1551 1737 eum,

170 1753 237 1800 qui
260 1754 361 1791 iusta
383 1754 575 1801 didicerit,
601 1755 741 1800 iustum
766 1766 850 1793 esse
875 1755 1052 1793 effectum
1077 1759 1152 1803 est,
1178 1754 1353 1793 concludi
1377 1755 1552 1802 debebat,

169 1822 358 1858 oratorum
389 1820 529 1857 iustum
560 1823 678 1868 esse),
711 1832 835 1869 neque
866 1822 1073 1869 quidquam
1104 1822 1153 1859 ad
1182 1833 1261 1860 rem
1293 1821 1452 1869 faciant,
1485 1822 1553 1860 sed

168 1886 280 1932 plane
313 1886 388 1923 sint
418 1886 579 1924 inutilia.
628 1887 727 1932 Quid
760 1888 860 1926 enim
892 1899 988 1935 opus
1019 1891 1080 1926 est
1104 1888 1249 1936 dicere,
1282 1888 1424 1927 iustum
1454 1889 1553 1926 iuste

169 1961 300 1999 agere,
332 1954 375 1989 ut
398 1952 594 1999 probetur,
626 1952 767 1990 iustum
792 1955 891 1992 iuste
915 1955 1014 1992 velle
1038 1955 1180 2001 agere?
1228 1954 1361 1992 Nonne
1385 1954 1459 1992 hoc
1484 1965 1552 2001 per

169 2027 211 2055 se
235 2017 484 2065 intelligitur?
527 2018 711 2063 Quocirca
741 2022 863 2057 totum
893 2020 1019 2058 locum
1044 2020 1100 2058 sic
1124 2019 1369 2059 reficiendum
1394 2030 1550 2058 censeo:

169 2088 252 2120 ΣΩ.
290 2085 429 2121 Οὐκοῦν
460 2087 549 2121 κατὰ
580 2086 699 2122 τοῦτον
727 2084 790 2123 τὸν
820 2088 933 2135 λόγον
963 2088 1026 2124 καὶ
1055 2086 1074 2123 ὅ
1101 2086 1143 2124 τὰ
1174 2089 1300 2124 δίκαια
1329 2086 1552 2136 μεμαθηκώς

169 2151 326 2195 δίκαιος
359 2156 459 2187 ΓΟΡ.
494 2152 641 2194 Πάντως
675 2152 795 2198 δήπου.
839 2156 921 2191 ΣΩ.
956 2153 1096 2190 Οὐκοῦν
1121 2153 1261 2203 ἀνάγκη
1285 2151 1343 2191 τόν
1367 2152 1553 2204 ῥητορικὸν

170 2217 313 2253 δίκαιον
337 2218 449 2262 elram·
485 2224 585 2255 ΓΟΡ.
613 2222 702 2255 Ναί.
741 2223 823 2255 ΣΩ.
855 2218 926 2257 Τὸν
957 2220 997 2257 δὲ
1029 2222 1174 2257 δίκαιον
1205 2222 1329 2257 δίκαια
1357 2221 1553 2267 βούλεσθαι

168 2283 349 2333 novimum
376 2295 408 2319 κ.
421 2296 447 2319 τ.
460 2282 492 2319 λζ
528 2283 573 2320 In
599 2294 644 2322 eo
662 2295 772 2323 nemo
791 2285 968 2333 offendet,
993 2286 1096 2333 quod
1113 2286 1198 2323 aliis
1214 2285 1424 2323 rationibus
1439 2286 1552 2323 inter-

168 2348 293 2395 iectis,
326 2347 391 2385 ubi
415 2348 464 2385 ad
488 2352 673 2387 oratorem
698 2351 860 2398 reditur,
885 2351 945 2397 id,
975 2352 1077 2398 quod
1102 2355 1213 2389 antea
1236 2351 1456 2389 conclusum
1482 2354 1550 2397 est,

169 2414 368 2461 repetitur:
394 2412 455 2450 τᾶν
479 2416 517 2452 δὲ
543 2415 728 2465 ῥητορικὸν
751 2418 891 2465 ἀνάγκη
916 2419 956 2453 ἐκ
979 2419 1039 2453 τοῦ
1064 2418 1172 2466 λόγου
1197 2419 1341 2455 δίκαιον
1365 2420 1471 2455 εἶναι.

240 2482 271 2526 ⁹)
296 2481 404 2516 Hanc
427 2480 476 2516 ad
500 2481 714 2527 opinionem
740 2482 841 2529 quod
860 2482 969 2520 Plato
992 2482 1122 2529 lapsus
1146 2486 1216 2530 est,
1241 2484 1394 2522 minime
1418 2484 1549 2521 miran-

169 2546 271 2594 dum,
295 2546 471 2593 quoniam
495 2550 627 2594 utpote
643 2547 857 2586 Socraticus
873 2548 1051 2586 virtutem
1069 2549 1228 2588 scientia
1250 2551 1341 2590 boni
1366 2550 1550 2588 contineri

170 2612 437 2652 arbitrabatur.
482 2612 708 2652 Aristoteles
739 2614 812 2652 etsi
844 2615 938 2653 illud
969 2626 1017 2654 ne
1049 2616 1132 2664 ipse
1164 2618 1317 2666 quidem
1346 2619 1554 2664 negaturus·
