1799 3119
914 198 973 241 60

249 318 364 377 quod
393 319 441 363 in
469 315 665 364 Phaedro
695 318 790 364 fuse
820 319 991 376 lateque
1022 320 1213 378 exponit,
1245 332 1354 377 quae
1374 321 1446 365 via
1467 321 1524 378 ei,
1555 321 1629 379 qui

250 412 305 443 ex
337 401 430 442 arte
461 398 567 444 velit
596 398 754 456 dicere,
787 399 845 443 sit
874 398 1169 455 ingredienda,
1201 399 1390 457 artisque
1412 399 1468 443 ad
1488 399 1629 455 digni-

247 479 382 521 tatem
421 477 635 521 rhetorica
666 478 878 534 quomodo
910 478 1048 534 possit
1078 478 1270 535 perduci.
1331 477 1454 522 Artis
1485 480 1630 522 autem

249 555 352 612 quia
390 555 448 600 sit
477 556 548 599 via
587 559 631 600 et
667 556 835 602 ratione
875 569 1002 613 agere
1043 556 1125 612 (cf.
1151 555 1333 603 Phaedr.
1361 570 1405 615 p.
1429 556 1519 601 270
1539 555 1630 613 Ε.),

248 633 334 679 dici
365 637 509 679 autem
540 635 612 679 via
643 637 686 680 et
716 636 883 681 ratione
915 636 1007 682 sine
1037 636 1257 680 variarum
1287 636 1486 692 illarum,
1523 648 1630 692 quas

249 727 381 772 supra
401 714 605 771 diximus,
626 728 772 760 rerum
793 714 1203 773 disciplinarumque
1225 715 1403 759 scientia
1422 728 1509 759 non
1529 727 1630 772 pos-

249 793 330 849 sit,
362 793 418 850 ei,
451 794 524 850 qui
556 793 726 839 dicendi
756 795 903 853 cupiat
932 793 1027 839 fieri
1058 794 1215 839 artifex
1246 791 1457 850 (τεχνικὸς
1488 792 1641 846 λόγων·

248 870 380 928 πέρι),
404 871 629 916 scientiam
649 872 770 917 illam
790 872 1072 931 multiplicem
1093 872 1257 918 iudicat
1276 871 1515 917 necessario
1537 884 1630 917 esse

250 950 707 1008 comprehendendam.
756 951 824 995 Ex
855 951 936 996 hac
961 954 1106 996 autem
1127 951 1368 1007 cognitione
1389 963 1487 994 cum
1508 951 1631 1007 quasi

248 1027 487 1072 efflorescat
516 1029 811 1086 redundetque
844 1029 1110 1087 eloquentia,
1147 1032 1242 1073 tum
1271 1031 1442 1074 exstare
1471 1028 1631 1074 fatetur

249 1110 387 1152 artem
420 1107 590 1153 dicendi
621 1109 856 1166 perfectam
878 1108 1159 1166 omnibusque
1178 1108 1369 1152 numeris
1390 1107 1630 1153 absolutam

248 1186 316 1244 (p.
341 1186 430 1230 272
447 1187 505 1230 A.
535 1186 679 1243 (τότε)
720 1187 863 1238 καλῶς
901 1203 948 1230 τε
986 1191 1060 1230 καὶ
1099 1186 1254 1239 τελέως
1291 1186 1408 1231 ἐστὶν
1439 1173 1465 1244 ἢ
1501 1188 1629 1245 τέχνη

246 1263 612 1322 ἀπειργασμένη).
674 1266 819 1323 Atque
864 1268 914 1309 ut
959 1265 1027 1309 his
1064 1265 1322 1310 rhetoricam
1368 1278 1495 1323 posse
1536 1278 1629 1309 esse

248 1347 410 1402 artem,
440 1344 504 1389 ita
533 1344 581 1388 in
612 1342 773 1401 Gorgia
801 1358 929 1403 posse
960 1358 1056 1389 eam
1086 1358 1181 1390 esse
1211 1343 1362 1389 utilem
1393 1344 1508 1389 haud
1539 1358 1629 1390 am-

247 1424 373 1478 bigue
403 1422 672 1479 significavit.
713 1422 935 1479 Leguntur
964 1423 1079 1467 enim
1107 1424 1153 1466 in
1182 1436 1231 1467 eo
1259 1422 1368 1467 libro
1386 1421 1454 1481 (p.
1471 1423 1561 1467 502
1570 1422 1627 1467 Ε.

248 1502 406 1547 —503
419 1500 495 1558 B.)
527 1502 646 1547 haec.
694 1501 872 1555 Quaerit
903 1502 1100 1552 Socrates
1128 1516 1151 1547 e
1173 1501 1362 1558 Cancle,
1391 1502 1630 1547 rhetoricae

247 1581 336 1637 illi,
370 1593 479 1638 quae
509 1580 693 1625 Athenis
725 1580 906 1639 aliisque
936 1581 985 1625 in
1015 1579 1262 1633 civitatibus
1292 1579 1439 1625 liberis
1470 1579 1628 1638 vigeat,

250 1660 353 1716 quid
385 1663 557 1705 censeat
587 1674 681 1705 esse
711 1661 997 1718 propositum,
1029 1663 1304 1716 oratoresque
1334 1662 1479 1703 utrum
1506 1663 1630 1717 putet

244 1738 290 1783 id
322 1752 516 1797 semper,
549 1739 664 1797 quod
694 1739 905 1798 optimum
937 1739 1014 1795 sit,
1046 1739 1094 1784 in
1124 1738 1303 1785 dicendo
1335 1741 1550 1797 spectare,
1580 1742 1629 1784 ut

245 1818 361 1862 cives
394 1832 524 1875 quam
555 1820 708 1876 optimi
735 1818 841 1862 fiant
862 1819 1126 1863 orationibus
1148 1818 1253 1875 suis,
1282 1817 1541 1875 laborantes,
1572 1832 1629 1862 an

246 1897 431 1952 gratiam
465 1910 611 1941 eorum
629 1899 865 1955 captantes
895 1896 1139 1954 privatique
1172 1896 1239 1940 sui
1268 1897 1478 1942 commodi
1499 1910 1628 1943 causa

244 1975 404 2019 bonum
434 1975 653 2032 publicum
686 1975 952 2030 negligentes
975 1974 1146 2033 populis
1167 1977 1373 2031 tanquam
1393 1974 1627 2020 infantibus

244 2053 501 2108 morigerari
532 2057 575 2099 et
604 2053 791 2098 blandiri
820 2067 974 2110 neque,
1005 2053 1204 2098 meliores
1237 2067 1286 2097 eo
1306 2051 1413 2097 fiant
1433 2067 1488 2096 an
1507 2054 1627 2111 peio—

244 2145 329 2188 res,
361 2144 526 2177 curare.
591 2132 670 2177 Cui
701 2132 917 2177 Callicles:
956 2132 1011 2176 ad
1041 2132 1146 2176 haec
1175 2145 1261 2176 non
1292 2145 1418 2189 posse
1447 2145 1626 2190 respon-

245 2210 337 2254 deri
369 2211 644 2269 simpliciter3
685 2225 779 2255 esse
811 2210 925 2255 enim
956 2213 1171 2268 oratores,
1204 2211 1278 2268 qui
1309 2211 1467 2255 civium
1498 2211 1627 2256 saluti

245 2289 489 2345 consulant,
522 2302 641 2345 esse,
674 2290 755 2346 qui·
779 2276 878 2333 eam*
905 2289 1137 2345 negligant.
1201 2288 1339 2342 Quam
1370 2289 1626 2334 sententiam

244 2380 452 2411 consensu
485 2381 562 2411 suo
594 2367 722 2425 plane
754 2368 1037 2425 comprobans
1069 2367 1286 2412 Socrates:
1311 2366 1520 2425 Ἐξαρκεῖ,
1557 2368 1624 2412 in-

247 2445 355 2500 quit.
403 2446 443 2486 st
470 2444 553 2503 γὰρ
586 2449 661 2488 καὶ
691 2443 821 2489 τοῦτο’
852 2444 942 2488 ἔστι
970 2444 1170 2497 διπλοῦν,
1200 2443 1250 2488 τὸ
1268 2448 1349 2501 μὲν
1369 2446 1518 2503 ἕτερόν
1537 2461 1626 2491 που

243 2523 401 2567 τούτου
439 2523 646 2568 κολακεία
685 2525 743 2568 ἄν
780 2526 846 2581 εἴη
888 2527 962 2566 καὶ
1001 2522 1161 2581 αἰσχρὰ
1191 2524 1457 2582 δημηγορία,
1495 2522 1542 2569 τὸ
1579 2522 1624 2568 δ’

249 2603 399 2659 ἕτερον
444 2600 604 2654 καλόν,
652 2600 700 2647 τὸ
742 2603 1107 2661 παρασκευάζειν,
1154 2602 1273 2655 ὅπως
1310 2601 1368 2654 ὥς
1405 2602 1625 2659 βέλτισται
