1799 3119
844 208 899 252 41

186 335 287 378 ante
316 329 626 386 enarravimus,
655 325 764 374 locev
780 328 957 374 eandem
986 342 1116 388 quam
1146 328 1270 375 Plato
1300 325 1347 375 in
1365 328 1559 377 Phaedro

185 412 300 457 dieat
336 414 495 467 artem,
535 408 713 453 dubium
752 422 845 455 esse
882 423 969 454 non
1008 413 1162 467 potest.
1218 409 1407 468 Uterque
1445 412 1560 455 enim

185 488 398 547 siguificat
434 500 529 533 eam
569 486 860 546 disciplinam,
900 501 1028 546 quam
1065 501 1143 534 nos
1176 487 1349 547 quidem
1377 488 1559 547 logicen,

184 568 439 617 Aristoteles
458 564 711 626 plerumque
731 565 996 625 ἂναλυτοκῆν
1015 566 1252 626 ἐπιστήμην
1271 570 1409 614 vocat.
1448 567 1560 612 Nam

183 647 289 694 haec
318 649 362 693 et
391 646 669 692 concludendi
699 646 886 691 rationes
916 649 1224 705 perscrutatur,
1256 661 1362 705 quas
1389 646 1559 692 Aristo-

182 727 289 776 teles
304 761 316 783 ‚
364 729 408 771 et
444 725 701 783 analyticam
740 737 790 769 ac
829 723 1112 782 syntheticam
1149 726 1428 781 cognoscendi
1467 726 1559 772 vias

180 805 374 863 inquirit,
407 818 512 863 quas
542 803 665 850 Plato
695 807 820 853 notas
835 800 1004 849 'debere
1031 817 1126 848 esse
1146 805 1304 848 oratori
1326 806 1557 851 existimat.

180 882 274 931 Hoc
311 883 545 927 notandum
576 883 825 939 videbatur,
863 895 939 939 ne,
979 881 1180 939 quoniam
1210 885 1390 940 uterque
1419 883 1559 941 philo-

182 960 341 1020 sophus
372 961 617 1010 dialecticae
640 962 813 1006 nomine
832 961 951 1005 varie
971 961 1123 1017 utitur,
1153 960 1272 1018 talia,
1305 957 1414 1018 quae
1432 961 1561 1020 plane

180 1039 340 1085 diversi
365 1036 513 1086 'essent
541 1036 725 1101 generis,
761 1039 874 1089 iuter
905 1052 951 1088 se
981 1038 1211 1088 contulisse
1240 1037 1557 1102 putaremur¹⁷).

181 1176 294 1204 nores
323 1168 450 1205 tamen
474 1170 562 1205 sunt
589 1177 713 1220 neque
737 1167 890 1206 eosdem
908 1166 1065 1209 *fructus
1096 1177 1192 1216 quos
1220 1169 1358 1205 matres
1386 1166 1558 1207 ferunt’?

181 1232 273 1278 Quis
297 1233 398 1275 enim
423 1233 562 1280 credat,
588 1234 808 1280 scriptorem
828 1233 1073 1270 similitudine
1089 1233 1155 1271 illa
1174 1244 1220 1271 eo
1238 1244 1349 1271 usum
1369 1244 1452 1271 esse
1471 1244 1559 1271 con-

181 1294 283 1354 silio,
327 1301 371 1336 ut
406 1298 607 1346 indicaret,
644 1290 869 1337 rhetoricam
905 1297 1103 1336 dialectica
1138 1299 1293 1338 minoris
1330 1310 1413 1338 esse
1449 1299 1559 1337 aesti-

180 1365 382 1403 mandam?
417 1364 617 1403 Manifesto
640 1365 681 1402 id
704 1375 822 1402 unum
845 1364 1144 1412 docere-voluit,
1176 1376 1259 1403 eam
1284 1366 1402 1403 solam
1426 1376 1495 1413 per
1518 1375 1560 1403 se

180 1429 262 1469 sine
286 1430 442 1469 aliarum
467 1430 750 1478 disciplinarum
774 1430 990 1468 adiumento
1013 1441 1090 1468 non
1113 1442 1226 1479 posse
1250 1433 1434 1470 constare.

256 1499 300 1543 ¹⁷)
324 1497 550 1546 Spengelius
571 1509 627 1545 eo,
652 1509 764 1546 quem
789 1509 904 1545 supra
926 1497 1181 1546 laudavimus,
1206 1499 1308 1545 loco,
1333 1509 1409 1545 quo
1434 1497 1559 1535 rheto-

180 1563 260 1602 rica
280 1566 361 1605 ,οἷον
383 1566 574 1612 παραφυές
596 1578 627 1601 τι
651 1565 709 1610 τῆς
732 1558 949 1610 διαλεκτικῆς
978 1566 1152 1611 vocatur,
1184 1574 1260 1604 non
1291 1564 1458 1611 logicen,
1490 1564 1558 1603 sed

180 1629 389 1668 disserendi
413 1634 531 1668 artem
556 1631 637 1669 sive
662 1630 965 1678 disputatricem,
991 1641 1103 1677 quam
1127 1631 1252 1668 Latini
1276 1631 1472 1677 dixerunt,
1505 1631 1559 1668 in-

181 1696 339 1742 tellexit,
364 1695 404 1732 id
428 1696 531 1742 quod
554 1698 661 1742 patet
684 1706 732 1733 ex
755 1695 816 1733 his
839 1696 922 1733 eius
945 1696 1071 1734 verbis
1090 1695 1199 1741 (iiber
1217 1695 1444 1739 Aristoteles
1462 1696 1559 1734 Rhe-

181 1760 282 1799 torik
305 1772 344 1808 p.
363 1761 490 1808 467.):
523 1761 595 1799 ‘Es
621 1761 672 1799 ist
696 1761 787 1800 aber
810 1761 874 1800 die
900 1761 1083 1801 Rhetorik
1111 1762 1180 1800 des
1204 1761 1428 1801 Aristoteles
1451 1762 1559 1801 nicht

181 1827 434 1875 selbstiindig‚
465 1829 539 1866 wie
563 1839 605 1866 er
628 1840 688 1866 am
712 1829 910 1877 Eingange
940 1839 989 1866 zu
1021 1838 1138 1876 sagon
1162 1827 1327 1876 scheint,
1358 1828 1466 1866 nicht
1495 1829 1558 1867 ein

182 1893 350 1931 Correlat
372 1894 441 1932 der
458 1894 665 1942 Dialektik,
691 1895 854 1933 scudem
878 1893 948 1932 auf
960 1895 1113 1933 Kosten.
1124 1894 1192 1932 der
1211 1895 1407 1933 Dialektik
1430 1896 1481 1933 ist
1504 1896 1559 1933 sie

181 1958 509 2008 hervorgehoben3
529 1961 626 1997 auch
639 1960 862 1998 Aristoteles
879 1961 982 1997 kann
1001 1960 1107 1997 nicht
1123 1960 1264 2005 umhin‚
1284 1960 1373 1997 bald
1392 1961 1559 1998 nachher

182 2025 243 2063 die
274 2025 459 2064 Rhetorik
494 2037 566 2064 nur
596 2027 652 2064 als
683 2026 745 2065 ein
775 2025 989 2064 Auswuchs
1023 2025 1117 2064 oder
1147 2025 1455 2073 Nebengeschoss
1489 2027 1559 2064 der

181 2090 377 2130 Dialektik
400 2103 449 2130 zu
474 2093 666 2130 erklaren:
711 2093 807 2131 Nam
831 2092 1064 2139 comparavit
1080 2091 1186 2128 illum
1206 2092 1331 2129 locum
1349 2102 1435 2129 cum
1458 2089 1572 2139 prin-'

183 2156 283 2205 cipio
314 2159 431 2198 totius
460 2158 564 2207 libri,
601 2158 668 2197 ubi
697 2157 886 2198 rhetorica
921 2158 1030 2207 quasi
1060 2169 1109 2197 ex
1136 2157 1255 2196 altera
1282 2161 1390 2205 parte
1418 2159 1559 2197 dicitur

182 2226 408 2272 respondere
432 2213 673 2273 dialecticae,
697 2236 773 2273 quo
797 2225 948 2263 nomine
971 2225 1042 2272 ibi,
1073 2228 1117 2262 ut
1140 2224 1188 2262 ab
1214 2224 1420 2261 Aristotele
1442 2224 1558 2273 longe

183 2291 417 2339 saepissime,
448 2302 509 2329 ars
540 2291 750 2330 disserendi
774 2294 937 2330 notatur.
982 2291 1058 2329 Sed
1081 2294 1210 2329 nostro
1233 2291 1318 2328 loco
1341 2301 1417 2328 non
1442 2291 1558 2338 illam,

183 2356 250 2393 sed
272 2357 424 2404 logicen
454 2368 538 2395 esse
569 2357 870 2405 intelligendam,
901 2368 987 2394 cum
1018 2367 1066 2394 ex
1089 2357 1232 2402 verbis,
1265 2366 1363 2402 quae
1387 2358 1558 2402 proxime

183 2423 411 2461 antecedunt
440 2422 619 2476 (φανερὸν
651 2423 703 2461 ὅτι
731 2424 837 2461 ταῦτα
867 2421 908 2460 τοὶ
938 2426 1020 2474 τρία
1048 2423 1118 2460 ἐστὶ
1147 2424 1273 2469 λαβεῖν
1303 2423 1364 2459 τοῦ
1395 2426 1558 2472 συλλογί-

184 2494 318 2526 σασθαι
342 2492 544 2538 δυναμένου
565 2501 600 2528 κ’.
614 2504 641 2527 ι.
655 2489 716 2536 L),
740 2489 979 2536 perspicuum
998 2489 1059 2535 sit,
1084 2492 1163 2525 tum
1182 2488 1346 2526 maxime
1365 2488 1437 2536 his,
1462 2499 1556 2535 quae

183 2554 294 2597 paulo
314 2554 483 2599 *inferius
507 2556 563 2604 (1,
582 2556 620 2595 4.
646 2554 827 2603 p.13595
844 2554 1019 2602 8.—10.)
1049 2555 1245 2603 leguntur,
1275 2555 1554 2603 comprobatur:

184 2617 268 2671 ὅπερ
299 2621 372 2674 yde
397 2623 459 2660 καὶ
482 2623 656 2671 πρότερον
685 2622 859 2672 εἰρηκότες
888 2622 1127 2671 τυγχάνομεν,
1162 2621 1293 2669 ἀληθές
1322 2624 1429 2666 ἐστιν,
1460 2620 1511 2658 ὅτι
1536 2621 1556 2667 ἡ
