1799 3119
819 204 877 249 2⁷

158 325 349 372 studium
380 326 594 383 derideat,
626 325 730 372 haec
760 326 991 386 exprobrat
1019 321 1273 385 criminique
1305 328 1392 386 dat,
1422 329 1537 387 quod

158 406 394 452 rhetoricae
434 420 514 467 ope
554 405 759 466 efficiant,
805 409 854 453 ut
890 408 935 454 et
973 406 1184 455 iudicibus
1223 407 1372 454 eadem
1408 409 1535 454 modo

157 486 272 529 iusta
316 487 443 531 modo
484 488 667 545 iniusta,
714 490 757 533 et
796 488 955 546 populo
993 489 1039 531 in
1077 489 1346 533 contionibus
1387 489 1535 533 eadem

155 564 283 610 modo
306 566 418 610 bona
436 566 562 610 modo
582 566 697 611 mala
716 581 809 611 esse
824 567 1049 611 videantur
1066 567 1263 621 (Phaedr.
1284 581 1328 625 p.
1341 568 1425 611 261
1444 567 1535 624 Π),

157 644 271 701 quod
300 648 472 702 praeter
501 658 646 690 rerum
673 646 898 690 veritatem
927 658 1062 702 parva
1092 649 1275 701 augeant
1306 649 1350 691 et
1380 645 1535 703 ampli-

156 721 305 779 ficent,
342 736 497 779 magna
535 724 730 767 minuant
760 727 803 767 et
834 726 1065 767 extenuent
1096 723 1164 780 (p.
1184 726 1272 768 267
1284 725 1381 781 A),
1421 724 1535 781 quod

154 801 278 846 unice
299 803 390 847 veri
418 802 604 860 speciem
633 806 676 847 et
694 801 1042 860 probabilitatem
1063 804 1279 847 sectentur
1300 803 1359 861 (p.
1377 802 1533 848 260A.

155 882 242 926 267
253 881 311 925 A.
345 882 541 939 272Ε.),
579 881 759 939 ideoque
796 881 1084 940 praecipiant,
1124 884 1173 926 ut
1212 885 1356 927 orator
1392 895 1447 926 ne
1486 895 1537 927 ea

156 961 349 1018 quidem,
392 974 500 1018 quae
530 975 577 1005 re
608 974 710 1005 vera
740 961 853 1005 facta
884 961 993 1017 sint,
1025 961 1109 1004 nisi
1139 961 1420 1018 probabiliter
1451 961 1537 1005 sint

152 1039 289 1096 faeta,
321 1040 492 1083 veritati
518 1040 817 1085 convenienter
845 1040 1003 1085 referat
1034 1039 1102 1097 (p.
1121 1040 1209 1084 272
1221 1038 1318 1096 Ε.),
1352 1039 1535 1097 denique

155 1117 283 1175 quod,
315 1121 363 1162 ut
392 1119 659 1176 propositum
693 1132 816 1163 suum
844 1121 1138 1176 assequantur,
1169 1118 1336 1163 nullum
1357 1118 1534 1163 menda-

154 1197 290 1253 cium,
328 1197 490 1241 nullam
529 1197 686 1241 malam
720 1201 857 1242 artem
887 1198 1116 1255 repudient
1146 1201 1221 1241 aut
1251 1201 1535 1255 aspernentur

155 1275 221 1333 (p.
246 1276 333 1320 273
343 1275 435 1332 B.).
497 1275 556 1321 Ut
593 1276 646 1321 de
681 1276 749 1321 his
781 1276 978 1321 omnibus
1007 1274 1131 1320 Plato
1163 1276 1361 1332 obiurgat
1391 1275 1536 1334 sophi-

155 1358 259 1412 stas,
290 1355 366 1411 ita,
398 1356 608 1412 quomodo
629 1356 733 1414 -ipse
764 1359 900 1400 artem
932 1356 1163 1399 oratoriam
1195 1355 1299 1398 velit
1329 1356 1536 1413 exerceri,

154 1435 233 1479 sub
270 1433 399 1478 finem
440 1434 566 1478 huius
606 1434 762 1490 dialogi
805 1433 872 1491 (p.
895 1435 982 1479 273
993 1434 1077 1489 Ε.)
1117 1434 1306 1478 declarat
1341 1434 1535 1491 praecla-

156 1513 372 1557 rissimam
410 1512 521 1557 hanc
550 1525 699 1558 vocem
731 1512 879 1558 edens:
919 1512 1155 1571 sapientem
1188 1512 1328 1557 virum
1358 1513 1405 1557 in
1436 1513 1534 1559 rhe-

156 1593 291 1636 torica
321 1593 384 1636 ita
413 1592 566 1637 debere
586 1592 750 1637 versari
781 1592 909 1650 idque
928 1595 1139 1651 spectare,
1170 1595 1220 1636 ut
1241 1606 1411 1651 semper
1430 1593 1536 1637 talia

156 1671 293 1729 dicat,
342 1685 449 1729 quae
496 1674 618 1728 grata
665 1674 707 1715 et
748 1675 921 1729 accepta
961 1672 1047 1715 sint
1086 1672 1166 1716 diis
1204 1672 1534 1717 immortalibus.

155 1750 247 1803 Quo
287 1751 389 1807 quid
428 1751 610 1806 rectius,
652 1750 750 1806 quid
783 1750 1003 1807 pulchrius
1033 1752 1176 1808 potest
1206 1751 1413 1806 cogitari?
1475 1750 1536 1795 At

153 1843 254 1874 vero
285 1843 339 1873 ne
359 1829 615 1874 Aristoteles
637 1829 809 1886 quidem
831 1828 956 1874 aliter
977 1830 1125 1885 sensit,
1158 1830 1234 1874 sed
1253 1830 1348 1887 ipse
1369 1844 1537 1887 quoque

154 1921 344 1953 summas
383 1908 543 1953 oratori
581 1908 698 1964 leges
737 1908 814 1952 has
844 1908 981 1953 voluit
1018 1922 1132 1964 esse,
1171 1912 1220 1952 ut
1256 1922 1311 1953 ne
1345 1909 1461 1953 mala
1490 1910 1537 1953 in

154 1987 333 2032 dicendo
385 1987 563 2032 consilia
612 1991 862 2044 sequeretur
906 2001 1014 2032 neve
1058 1988 1280 2032 fraudibus
1325 1987 1536 2045 malisque

155 2067 320 2112 artibus
359 2069 563 2111 uteretur.
620 2065 730 2111 Illud
769 2066 929 2112 diserte
960 2067 1063 2111 dicit
1094 2080 1143 2111 eo
1174 2067 1266 2112 loco
1279 2101 1291 2123 ,
1333 2081 1416 2123 quo
1449 2067 1535 2111 elo-

156 2146 354 2203 quentiae
386 2158 506 2189 arma
537 2145 583 2189 in
613 2148 840 2203 utramque
861 2145 1003 2190 valere
1032 2148 1199 2203 partem
1221 2146 1398 2203 exponit
1418 2145 1470 2203 (Ι,
1495 2148 1534 2189 1.

153 2239 196 2283 p.
229 2225 387 2269 1355a
415 2225 486 2268 29.
518 2224 653 2282 sqq),
699 2225 773 2270 ubi
817 2225 922 2269 haec
966 2226 1054 2269 fere
1101 2225 1192 2268 eius
1239 2227 1338 2268 sunt
1378 2225 1534 2270 verba:

154 2303 354 2362 Oportet,
398 2303 479 2359 ait,
519 2302 572 2347 de
612 2303 838 2348 contrariis
876 2317 1002 2361 posse
1041 2303 1320 2361 persuadere,
1359 2317 1447 2348 non
1487 2307 1536 2347 ut

153 2386 382 2438 utrumque
427 2382 635 2426 faciamus
674 2407 732 2413 —
771 2396 909 2438 neque
956 2382 1068 2424 enim
1106 2382 1171 2424 fas
1211 2385 1278 2424 est
1316 2382 1371 2426 de
1409 2383 1535 2426 malis

153 2460 412 2518 persuadere
434 2484 491 2491 —
516 2461 591 2504 sed
621 2474 676 2504 ne
706 2462 949 2517 praetereat
978 2472 1072 2514 nos,
1104 2460 1317 2515 quomodo
1345 2473 1535 2517 quaeque

153 2553 223 2584 res
256 2553 300 2584 se
331 2539 500 2595 habeat,
532 2542 576 2583 et
605 2542 668 2595 ut,
701 2538 738 2581 si
769 2538 864 2595 quis
897 2537 1007 2582 alius
1038 2538 1209 2583 dicendi
1239 2539 1440 2584 facultate
1466 2538 1534 2581 in-

154 2618 266 2664 iuste
283 2621 446 2675 utatur,
475 2617 560 2675 ipsi
579 2616 828 2673 habeamuS,
854 2616 1065 2676 quomodo
1086 2631 1186 2663 eum
1205 2617 1463 2662 refellamus.
1476 2640 1534 2647 —
