1799 3119
894 184 952 229 58

231 304 340 350 solet
364 303 602 350 admiscere
621 303 803 350 facultas
824 304 1070 351 blandiendi
1089 302 1134 365 (ἢ
1154 303 1473 365 suzannam),
1505 319 1613 365 quae

229 384 538 442 quadrifariam
576 385 739 443 divisa,
780 385 953 431 tametsi
983 398 1069 429 non
1100 385 1256 442 saluti,
1295 384 1372 429 sed
1402 385 1613 445 voluptati

227 463 415 509 hominis
454 464 661 522 consulit,
698 467 845 509 tamen
881 463 1054 508 illarum
1090 464 1250 509 artium
1279 463 1613 522 uniuscuiusque

228 543 353 599 quasi
385 543 573 601 speciem
603 542 746 589 induit
775 543 1113 600 dignitatemque
1142 542 1227 588 sibi
1257 542 1440 588 asciscit.
1501 543 1614 589 Nam

228 621 471 665 medicinae
503 622 815 679 praestantiam
846 621 929 665 sibi
959 621 1092 665 sumit
1121 622 1371 677 coquinaria
1391 621 1613 678 simulans,

230 713 325 744 sese
356 699 473 745 cibos
504 713 632 744 nosse
656 699 827 757 corpori
849 699 1169 755 saluberrimos,
1201 702 1244 743 et
1264 700 1370 744 artis
1391 699 1614 758 gymnicas

227 777 458 822 artificium
482 777 690 835 ‘comendi
720 774 762 835 (ἢ
796 775 1059 835 κομμωτικὴ)
1092 778 1343 834 ement1ens,
1375 791 1468 822 sese
1494 777 1613 822 leno-

227 857 353 903 ciniis
385 858 475 903 suis
506 872 665 917 corpus
696 858 876 904 reddere
905 857 1258 915 pulcherrimum.
1322 856 1439 909 Quae
1470 861 1613 903 autem

226 936 338 980 ratio
378 935 559 981 artificio
598 936 793 981 comendi
831 948 929 980 cum
969 938 1062 978 arte
1100 930 1322 992 gymnica,
1363 935 1513 979 eadem
1543 948 1614 980 so-

225 1014 436 1072 phisticae
467 1015 696 1059 intercedit
727 1028 825 1058 cum
858 1016 950 1057 arte
970 1012 1115 1069 legali,
1148 1016 1192 1056 et
1211 1026 1320 1069 quae
1341 1014 1614 1070 coquinariae

226 1105 325 1137 cum
346 1092 575 1150 medicina,
597 1092 747 1138 eadem
767 1091 1006 1137 rhetoricae
1028 1103 1125 1135 cum
1147 1093 1239 1136 arte
1259 1090 1464 1136 iudiciali.
1495 1091 1614 1137 Haec

225 1171 360 1227 igitur
399 1175 602 1229 quattuor
639 1173 796 1216 artium
829 1170 1002 1215 illarum
1035 1172 1237 1226 quattuor
1268 1173 1370 1214 sunt
1398 1171 1524 1227 quasi
1553 1171 1613 1215 si-

225 1249 418 1295 mulacra
458 1250 528 1309 (p.
550 1250 641 1295 465
662 1249 746 1305 0.).
810 1248 870 1294 Et
898 1248 1146 1294 blandiendi
1179 1248 1352 1307 quidem
1387 1249 1613 1295 facultates

227 1343 300 1373 eas
332 1342 481 1374 omnes
511 1329 684 1388 appello
716 1341 870 1385 resque
901 1331 1050 1386 turpes
1082 1341 1176 1373 esse
1204 1328 1315 1385 dico,
1347 1329 1448 1385 quia
1466 1342 1614 1373 veram

227 1407 410 1452 salutem
457 1406 566 1452 nihil
613 1409 813 1452 curantes
852 1406 1087 1465 voluptatis
1126 1409 1227 1450 sunt
1262 1406 1612 1462 ministratrices3

227 1489 343 1532 artes
375 1489 520 1531 autem
554 1500 626 1530 eas
659 1499 753 1531 esse
784 1499 893 1542 nego
928 1485 1330 1543 observationesque
1360 1499 1481 1544 voco,
1513 1487 1614 1544 quia

227 1578 391 1622 earum,
424 1564 579 1622 quibus
610 1567 808 1621 utuntur,
824 1577 985 1608 ‘rerum
1018 1577 1126 1621 quae
1148 1564 1205 1608 sit
1224 1567 1380 1608 natura
1398 1565 1613 1622 ignorant,

224 1645 288 1688 ita
326 1647 376 1688 ut
414 1642 468 1687 de
507 1643 648 1687 causis
689 1643 894 1699 cuiusque
924 1642 990 1686 rei
1019 1655 1107 1685 non
1135 1642 1304 1700 possint
1332 1642 1512 1687 reddere
1541 1654 1612 1687 ra-

225 1723 408 1776 tionem3
439 1721 607 1767 ratione
628 1724 772 1766 autem
795 1720 1003 1778 quidquid
1023 1723 1155 1778 caret,
1188 1721 1295 1765 artis
1314 1720 1488 1766 nomine
1507 1724 1612 1779 puto

225 1815 319 1846 esse
358 1801 586 1856 indignum
625 1800 693 1858 (p.
715 1800 805 1844 465
823 1799 915 1855 A.).
947 1822 1003 1830 —
1042 1798 1161 1844 Haec
1190 1799 1252 1844 ibi
1280 1799 1492 1845 Socrates.
1555 1799 1614 1844 Et

229 1880 432 1938 quoniam
471 1893 552 1938 per
583 1882 719 1924 totam
749 1879 860 1923 hanc
891 1877 1226 1936 disputationem
1256 1882 1346 1923 tam
1377 1879 1613 1935 generatim

225 1960 417 2016 loquitur
448 1961 577 2015 atque
608 1958 824 2013 universe,
855 1960 919 2013 ut,
950 1970 1060 2013 quae
1092 1956 1212 2014 dicit,
1244 1958 1337 2001 sine
1368 1958 1614 2003 discrimine

227 2038 283 2082 ad
304 2037 450 2081 omnia
471 2036 615 2081 studia
637 2036 825 2081 oratoria
845 2035 1043 2080 videatur
1062 2035 1239 2093 referre,
1266 2035 1457 2092 legentes
1477 2050 1614 2094 paene

225 2131 400 2162 necesse
433 2120 500 2162 est
530 2115 586 2160 ad
614 2128 711 2160 eam
731 2114 885 2159 adduci
907 2114 1180 2171 sententiam,
1210 2117 1259 2158 ut
1277 2113 1500 2160 Platonem
1522 2116 1612 2160 exi-

227 2198 405 2241 stiment
444 2195 618 2240 omnino
656 2207 737 2239 nec
775 2195 823 2238 in
863 2194 1026 2238 artibus
1066 2207 1316 2239 numerasse
1352 2208 1433 2239 nec
1462 2194 1613 2239 utilem

227 2278 402 2333 putasse
433 2274 708 2318 rhetoricam.
756 2272 867 2316 Nam
900 2275 943 2317 et
973 2276 1110 2317 artem
1143 2275 1186 2318 et
1215 2273 1365 2317 utilem
1396 2286 1490 2317 eam
1519 2287 1613 2318 esse

226 2354 419 2412 praecise
449 2356 581 2409 negat
611 2351 810 2397 Socrates
824 2385 836 2408 ‚
866 2351 970 2409 hoc,
1002 2352 1364 2408 observationem,
1395 2351 1517 2409 illud,
1547 2353 1611 2396 fa-

225 2432 432 2477 cultatem
470 2430 718 2476 blandiendi
757 2443 852 2474 eam
893 2429 1137 2488 appellans3
1178 2429 1280 2487 quid
1316 2430 1458 2474 enim?
1505 2444 1613 2487 quae

225 2511 321 2556 eius
362 2512 506 2567 potest
544 2523 638 2555 esse
678 2509 871 2566 utilitas,
909 2508 947 2553 si
985 2521 1155 2567 semper
1183 2508 1407 2554 hominum
1438 2509 1612 2556 auribus

227 2589 450 2635 blanditur
477 2589 755 2646 neglectaque
775 2602 879 2633 vera
899 2602 1047 2633 eorum
1069 2588 1207 2633 salute
1227 2589 1359 2633 solius
1379 2588 1612 2646 voluptatis
