1799 3119
915 204 973 250 42

343 325 606 383 Negavimus
626 327 760 384 supra
779 324 839 385 (p.
858 324 967 383 39.)‚
985 323 1213 373 Aristoteli
1231 323 1337 371 vitio
1358 336 1452 370 esse
1467 326 1637 371 verten-

252 404 373 464 dum,
389 405 502 465 quod
519 407 734 451 oratorem
754 402 984 449 definiendi
1003 404 1195 462 peritum
1211 413 1305 450 esse
1321 405 1518 462 oportere
1532 415 1636 451 nus-

253 498 384 543 quam
420 483 833 531 commemoraverit.
885 482 1113 545 Reliquum
1153 486 1241 541 est,
1279 485 1330 529 ut
1358 482 1452 528 iure
1482 494 1566 529 uos·
1590 482 1636 528 id

251 576 434 619 negasse
470 562 715 622 probemus.
769 560 1051 607 Aristotelem
1085 561 1215 607 modo
1244 561 1430 608 vidimus
1466 560 1637 619 docere,

251 642 300 688 in
351 655 606 701 unaquaque
652 642 845 687 oratione
892 655 1000 699 opus
1046 654 1141 686 esse
1176 640 1635 688 demonstrationibus.

251 720 574 767 Demonstratio
606 723 751 766 autem
782 719 986 777 quoniam
1009 718 1056 765 in
1086 718 1302 765 infinitum
1333 720 1452 766 abire
1472 718 1637 777 nequit,

250 803 368 846 recte
398 800 631 858 procedere
651 813 739 844 non
758 801 917 857 potest,
947 799 1034 844 nisi
1052 798 1205 856 positis
1226 798 1496 857 quibusdam,
1528 810 1637 855 quae

249 891 339 925 non
358 877 724 935 demonstrentur,
753 877 1079 937 principiisque,
1101 890 1210 935 quae
1229 891 1309 936 per
1328 890 1376 923 se
1397 877 1485 923 sint
1504 879 1637 935 certa,

252 957 499 1002 constitutis
531 955 602 1011 (cf.
618 955 799 1003 Aristot.
821 954 998 1013 Analyt.
1014 953 1131 1001 Post.
1151 954 1187 1013 1,
1208 955 1251 1003 3,
1272 967 1317 1013 p.
1338 955 1430 1000 7211
1456 955 1526 1020 18:
1541 968 1637 1016 sqq.

252 1039 296 1083 et
324 1035 360 1093 Ι,
382 1035 424 1081 2.
456 1048 501 1093 p.
527 1035 627 1081 72α
651 1034 724 1090 7.).
778 1033 898 1080 Haec
935 1037 1079 1081 autem
1110 1034 1487 1080 demonstrationis
1516 1034 1637 1093 prin-

250 1114 365 1174 cipia
395 1116 496 1158 sunt
525 1112 810 1171 definitiones,
843 1113 1002 1172 quippe
1035 1126 1144 1172 quae
1173 1127 1321 1159 rerum
1339 1116 1540 1158 naturam
1561 1125 1636 1158 ex-

248 1192 411 1250 plicent
449 1190 521 1246 (cf.
549 1191 731 1237 Aristot.
759 1191 934 1250 Analyt.
961 1191 1079 1237 Post.
1107 1191 1170 1248 H,
1201 1194 1244 1237 3.
1275 1207 1320 1251 p.
1349 1193 1446 1236 9Οό
1479 1191 1551 1235 24.
1588 1189 1637 1235 αἶ

251 1268 392 1327 α’ρχαὶ
432 1269 521 1314 τῶν
561 1266 839 1324 ἀποδείξεων
870 1265 1059 1329 ὃρισμοί,
1097 1268 1202 1315 ibid.
1230 1284 1271 1315 v.
1301 1259 1371 1316 16.
1403 1266 1428 1315 ὃ
1460 1264 1637 1327 ὁρισμὸς

251 1347 405 1401 οὕσίας
445 1364 508 1400 τις
542 1348 831 1405 γνωρισμός.).
887 1348 931 1394 Α
967 1348 1286 1399 definitionibus
1323 1349 1457 1405 igitur
1495 1348 1637 1396 omnis

249 1425 536 1488 proficiscitur
565 1426 898 1485 demonstratio,
936 1427 1029 1473 sine
1059 1428 1115 1473 iis
1145 1427 1432 1476 demonstrari
1462 1426 1634 1472 omnino

248 1506 358 1553 nihil
387 1509 544 1568 potest.
591 1504 715 1552 Unde
736 1506 944 1564 sequitur,
974 1510 1025 1551 ut
1044 1520 1407 1565 unumquemque,
1438 1507 1512 1566 qui
1532 1505 1635 1569 quid

249 1585 545 1631 demonstrare
575 1585 695 1644 velit,
730 1599 801 1632 res
833 1583 1072 1632 definiendo
1102 1599 1230 1648 posse
1260 1582 1477 1649 explicare
1507 1578 1634 1648 opor-

247 1757 410 1810 ῥητορικὴ
434 1759 615 1809 σύγκειται
639 1761 678 1797 ἔκ
701 1771 736 1797 τε
759 1760 818 1806 τῆς
846 1759 1056 1806 ἀναλυτικῆς
1084 1760 1273 1810 ἐπισήμοις
1302 1760 1380 1798 καὶ.
1396 1760 1456 1806 τῆς
1483 1759 1568 1809 περὶ
1591 1758 1636 1798 τὰ

245 1827 319 1873 ἤθη
341 1827 534 1871 πολιτικῆς,
559 1835 673 1873 quse,
698 1827 743 1864 ut
765 1825 904 1873 liquet,
928 1825 978 1864 ad
1001 1836 1106 1874 eum,
1137 1827 1187 1865 de
1209 1837 1290 1874 ,quo
1310 1826 1475 1874 agimus,
1506 1826 1633 1864 locum

247 1894 339 1931 sunt
361 1890 570 1929 referenda.
597 1911 643 1919 --
676 1890 846 1929 Similem
870 1891 910 1928 in
934 1891 1087 1930 modum
1112 1895 1227 1940 atque
1252 1892 1477 1941 Spengelius
1500 1892 1633 1940 lapsus

246 1962 307 1997 est
331 1958 375 1996 P.
388 1957 598 2004 Victorius,
622 1957 690 2005 qui
711 1957 762 1995 ad
785 1957 822 2002 Ι,
843 1958 880 1996 2.
905 1968 944 2005 p.
959 1958 1088 1996 1356a
1105 1959 1167 1996 30.
1190 1962 1263 1997 ἔστι
1284 1958 1358 2011 γὰρ
1384 1959 1428 2005 (ἦ
1446 1958 1634 2008 ῥητορικὴ)

244 2025 377 2076 μόριόν
399 2037 432 2062 π
454 2026 513 2070 τῆς
533 2024 752 2070 διαλεκτικῆς
774 2025 840 2062 καὶ
861 2023 1032 2075 ὁμοίωμα
1050 2024 1145 2064 haec
1165 2027 1337 2063 annotat:
1365 2025 1496 2071 ‘Quod
1518 2025 1632 2072 paulo

240 2089 359 2131 ‘antea
383 2090 491 2138 (dicit
513 2090 620 2130 illum
643 2090 786 2130 locum:
818 2090 905 2131 ὥστε
936 2095 1127 2142 συμβαίνει
1156 2091 1220 2138 τὴν
1243 2091 1431 2143 ῥητορικὴν
1454 2096 1536 2130 οἷον
1558 2105 1633 2130 πα-

246 2161 384 2209 ραφνὲς
406 2172 437 2195 τι
459 2159 520 2204 τῆς
544 2160 763 2204 διαλεκτικῆς
786 2159 897 2205 εἴναι)
929 2159 1111 2197 translato
1144 2159 1296 2197 nomine
1319 2159 1497 2207 protulit,
1529 2169 1631 2205 nunc

245 2224 398 2272 proprio
428 2224 564 2262 tradit:
615 2224 800 2272 Namque·
818 2226 859 2262 et
888 2224 971 2271 ipse
1001 2225 1098 2263 duos
1129 2225 1228 2264 inter
1255 2236 1299 2265 se
1323 2226 1484 2265 contulit
1514 2226 1631 2273 locos,

245 2301 403 2339 quorum
427 2291 525 2329 ratio
549 2301 704 2338 prorsus
727 2290 878 2328 diversa
901 2293 972 2328 est.
1013 2291 1087 2329 Ubi
1110 2292 1211 2330 enim
1235 2292 1423 2331 rhetorica
1445 2292 1633 2340 particula

245 2357 428 2404 quaedam
447 2360 487 2395 et
503 2357 748 2395 simulncrum
768 2356 990 2395 dialecticae
1000 2357 1152 2406 dicitur,
1170 2369 1258 2407 non,
1279 2362 1323 2397 ut
1335 2370 1382 2397 eo
1401 2359 1498 2406 loco,
1517 2368 1630 2406 quem

243 2422 376 2461 laudat
397 2423 611 2471 Victorius,
636 2423 768 2471 logice
791 2423 860 2462 sed
891 2434 953 2462 ars
978 2423 1188 2463 disserendi
1212 2428 1272 2464 est
1295 2425 1558 2473 intelligendu,
1589 2424 1630 2462 id

244 2488 349 2537 quod
372 2488 488 2527 verba
509 2489 623 2538 haec,
648 2500 746 2537 quae
770 2489 1073 2538 subsequuntur,
1098 2491 1255 2530 docent:
1282 2494 1451 2542 καθάπερ
1475 2492 1539 2529 καὶ
1562 2492 1629 2542 ἀρ-

234 2557 395 2606 χόμενοι
418 2557 577 2604 εἴπομεν.
625 2557 722 2596 Nm
744 2556 933 2604 principio
957 2557 1064 2605 libri,
1093 2560 1141 2597 ut
1170 2558 1354 2608 diximus,
1384 2558 1435 2598 de
1465 2568 1512 2599 θλ
1534 2561 1628 2607 arte,

241 2633 338 2673 quse
363 2622 584 2663 disserendo
607 2633 738 2665 verum
762 2626 896 2676 tentat,
921 2624 1102 2674 loquitur.
