1799 3119
819 162 952 232 *40

227 297 409 341 quorum
439 282 516 329 illa
547 281 786 342 syllogismi
815 281 990 340 quidam
1012 281 1114 337 sint,
1144 280 1250 324 haec
1269 278 1459 328 inductio
1481 274 1613 339 quaess

225 362 341 407 dam.
390 361 677 415 Quamobrem
709 375 822 419 eum,
855 360 929 418 qui
944 354 1016 406 >ad
1035 356 1261 405 dicendum
1284 355 1470 417 accedat,
1488 361 1611 406 “scire

225 444 440 499 oportere,
474 445 517 485 et
548 441 702 497 quibus
733 453 789 484 ex
819 438 1183 497 propositionibus
1215 435 1509 496 quomodoque
1531 438 1613 484 vfiat

225 519 515 579 syllogismus,
548 521 591 563 et
622 532 732 576 quae
763 519 873 563 ratio
907 518 964 563 sit
982 516 1259 576 inductionis,
1291 521 1335 563 et
1355 531 1438 575 quo
1460 518 1611 576 enthy-

224 613 369 643 mema
414 612 440 641 a
488 597 735 655 syllogismo
784 610 952 654 quoque
992 597 1045 641 ab
1083 592 1332 642 inductione
1368 593 1612 655 exemplum

225 677 408 722 differat.
461 676 580 721 Haec
611 679 755 720 autem
787 676 931 720 omnia
962 675 1115 721 docere
1134 673 1479 731 dialecticamss).
1531 675 1613 719 At-

225 770 308 815 que
324 756 452 800 »hanc
472 756 612 813 ipsam
635 755 688 800 ob
711 767 900 812 causam,
934 754 1047 813 quod
1067 754 1323 799 rhetoricam
1346 768 1372 799 a
1392 750 1613 799 dialectica

225 835 507 880 concludendi
554 834 743 878 rationes
790 835 979 881 mutuari
1026 837 1243 891 oporteat,
1264 831 1266 834 ’
1290 834 1474 891 quodam
1520 833 1612 877 loco

227 912 279 971 (I‘,
302 915 344 958 2.
367 927 411 971 p.
438 913 595 957 1356a
618 912 710 968 25.)
745 924 838 956 eam
871 910 965 956 οἷον
986 913 1218 970 παραφυές
1238 927 1280 954 τι
1299 909 1614 968 affectatam-

225 994 312 1049 κῆς,
344 992 373 1034 i.
397 1005 433 1034 e.
458 991 579 1047 quasi
613 987 822 1044 stolonem
850 990 1062 1047 quendam
1086 987 1347 1046 dialecticae,
1381 1002 1474 1034 esse
1495 989 1613 1046 dicit,

225 1072 376 1128 utpote
415 1083 469 1114 ex
504 1081 589 1126 qua
620 1071 715 1116 orta
746 1069 827 1126 sit,
867 1068 958 1126 cui,
999 1068 1036 1113 si
1066 1068 1212 1125 vigeat
1240 1067 1495 1126 fioreatque,
1533 1069 1615 1113 hoc

225 1149 393 1205 debeat,
426 1148 517 1193 sine
549 1161 634 1205 qua
666 1148 849 1205 denique
882 1161 976 1192 esse
999 1147 1172 1192 omnino
1195 1161 1280 1193 non
1301 1148 1454 1207 possit,
1484 1146 1613 1206 plane

226 1227 507 1271 consimiliter
528 1230 656 1284 atque
677 1226 821 1284 pullus
844 1227 1010 1271 arboris
1030 1227 1260 1283 radicibus,
1292 1227 1346 1270 ad
1367 1240 1473 1283 quas
1495 1230 1614 1270 ortus

228 1305 306 1363 sit,
345 1305 487 1350 alatur
525 1309 568 1350 et
606 1308 871 1350 sustentetur
910 1305 1185 1363 abscisusque
1221 1304 1461 1350 necessario
1498 1319 1614 1354 emo-

225 1385 364 1427 riatur
372 1381 433 1439 ¹⁶).
479 1384 760 1428 Dialecticam
794 1386 939 1427 autem
972 1384 1075 1441 quin
1097 1384 1168 1428 hic
1189 1387 1232 1429 et
1252 1397 1317 1441 e0‚
1339 1396 1466 1441 quem
1486 1383 1614 1442 paulo

300 1516 345 1559 ¹⁵)
378 1515 424 1552 V.
440 1514 478 1561 1,
499 1515 532 1551 1.
558 1526 598 1561 p.
619 1515 746 1552 1355a
770 1515 929 1552 3.--14.
981 1515 1163 1562 Supplevi
1199 1518 1327 1552 tamen
1357 1515 1459 1552 hunc
1489 1515 1613 1561 locum

228 1579 485 1626 exemplorum
499 1578 642 1617 faciens
655 1580 897 1628 mentionem,
919 1591 1031 1628 quam
1048 1580 1215 1628 alteram,
1235 1591 1311 1628 qua
1329 1580 1516 1623 rhetorica
1535 1585 1615 1619 uta-

227 1650 300 1692 tur,
314 1646 603 1692 argumentandi
623 1657 706 1683 esse
727 1647 910 1684 rationem
924 1647 1149 1684 Aristoteles
1169 1648 1197 1694 1,
1211 1649 1246 1684 2.
1267 1658 1305 1693 p.
1321 1648 1446 1684 1356a
1458 1635 1517 1684 3'6.
1531 1658 1614 1695 sqq.

227 1712 395 1757 exponit.
439 1711 575 1749 Omisit
606 1722 651 1749 ea
678 1712 716 1748 h.
737 1712 782 1759 1.,
816 1713 906 1772 quia
936 1713 1128 1762 ἐνθύμημά
1161 1716 1255 1749 ἐστιν
1278 1713 1327 1753 ὥς
1358 1716 1470 1750 εἰπεῖν
1495 1713 1615 1755 ἅπλῶς

225 1779 442 1829 κυριώτατον
478 1792 545 1815 των
573 1782 720 1815 πίστεων
754 1778 812 1825 (1,
835 1780 868 1816 1.
895 1790 933 1826 p.
949 1779 1076 1816 1355a
1096 1779 1131 1816 7.
1161 1777 1209 1816 cf.
1235 1790 1272 1826 p.
1289 1778 1415 1818 1354a
1435 1779 1512 1827 15.,
1549 1780 1614 1818 ubi

229 1843 472 1890 enthymema
496 1846 655 1880 vocatur
678 1846 785 1893 σῶμα
808 1846 867 1890 τῆς
890 1845 1061 1890 πίστεως).

303 1911 347 1954 ¹⁶)
381 1910 513 1956 Neque
544 1919 623 1946 rem
656 1919 727 1946 acu
759 1909 887 1957 tetigit
920 1913 959 1947 et
985 1921 1045 1948 res
1070 1920 1224 1957 prorsus
1249 1910 1390 1950 alienas
1414 1913 1616 1952 admiscuit

227 1977 270 2012 P.
284 1976 479 2013 Victorius
512 1975 607 2011 illud
632 1975 753 2012 simile
777 1975 878 2016 hunc
903 1976 942 2012 in
972 1976 1125 2013 modum
1157 1977 1369 2023 explicans:
1403 1978 1614 2028 ‘Ut.enim,

229 2041 296 2087 qui
321 2041 370 2078 ad
395 2040 542 2078 radices
567 2040 742 2078 arborum
774 2041 869 2087 pulli
893 2046 1117 2089 nascuntur,
1150 2046 1320 2080 naturam
1352 2032 1500 2081 illarum
1531 2046 1615 2083 stir-

229 2107 334 2152 pium
360 2106 539 2153 reddunt,
571 2107 610 2143 in
635 2107 774 2154 quibus
797 2109 1005 2156 procreati,
1039 2108 1203 2146 minores
1227 2112 1353 2147 tamen
1378 2114 1468 2148 sunt
1491 2122 1615 2160 neque
1661 2112 1663 2114 ’

231 2173 381 2210 eosdem
408 2172 555 2211 fructus
580 2184 676 2221 quos
702 2177 840 2212 matres
864 2174 1008 2213 ferunt:
1034 2175 1089 2212 ita
1109 2175 1223 2213 etiam
1248 2176 1446 2225 rhetorice,
1471 2189 1568 2225 quae
1591 2190 1614 2216 e

230 2239 342 2275 civile
366 2238 548 2276 facultate
573 2243 612 2276 et
636 2240 846 2277 disserendi
877 2240 1022 2278 ratione
1053 2244 1183 2280 exorta
1208 2244 1267 2279 est
1291 2243 1444 2288 (etenim
1469 2243 1615 2282 Aristo-

230 2304 326 2341 teles
357 2315 439 2342 eam
471 2308 549 2342 οἷον
578 2308 769 2356 παραφυὲς
798 2320 837 2343 τι.
859 2307 918 2351 τῆς
950 2309 1169 2352 διαλεκτικῆς
1198 2310 1262 2346 καὶ
1293 2311 1349 2353 τῆς
1372 2311 1455 2357 περὶ
1478 2308 1519 2348 τὰ
1543 2311 1615 2356 ἤθη

230 2375 480 2419 πραγματείας
503 2374 643 2417 vocat),
669 2371 824 2408 multam
850 2382 936 2408 cum
959 2372 1037 2420 ,illis
1055 2372 1342 2410 similitudinem
1361 2374 1477 2412 habet
1494 2378 1533 2412 et
1550 2386 1614 2412 na-

230 2438 356 2472 turam
375 2445 499 2472 earum
521 2437 685 2475 redolet?
719 2437 818 2482 Quid
834 2438 964 2476 enim?
986 2449 1077 2475 num
1098 2450 1138 2477 re
1149 2450 1241 2477 vera
1258 2439 1456 2488 rhetorica,
1473 2441 1619 2489 quippe,

232 2512 330 2548 quae
356 2502 606 2553 concludendi
631 2504 842 2546 rationibus
860 2507 999 2551 utatur,
1025 2515 1111 2544 cum
1132 2505 1333 2544 dialectica
1351 2517 1415 2544 cas
1430 2508 1613 2554 exquirat,

230 2567 332 2607 illius
358 2570 531 2605 naturam
556 2570 725 2609 redolet?
759 2569 812 2609 'Et
836 2571 946 2619 quid,
971 2582 1139 2620 quaeso,
1172 2572 1246 2610 ista
1269 2572 1343 2611 sibi
1366 2573 1500 2611 volunt
1526 2573 1614 2610 ‘mi-
