1799 3119
898 211 928 257 6

228 348 371 394 posse.
419 334 646 394 Sophistas
678 339 826 382 autem
857 338 906 382 ut
937 336 1177 393 mittamus,
1209 331 1286 394 qui'
1314 336 1417 393 quid
1448 338 1495 381 in
1520 340 1618 382 'arte

231 415 403 461 dicendi
442 406 682 472 effecerint,
722 426 853 474 supra
891 409 997 459 satis
1035 415 1375 460 demonstratum
1416 420 1502 473 est,
1542 417 1617 462 he-

228 495 368 539 mines
399 505 501 540 vere
533 494 780 552 eloquentes
811 487 1000 539 Athenis·
1025 496 1127 539 ante
1155 494 1216 553 id,
1249 507 1332 552 quo
1365 488 1524 551 dialogi
1552 495 1617 540 illi

229 588 255 618 a
276 573 456 619 Platone
488 574 716 631 compositi
748 576 861 630 sunt,
892 571 1099 631 tempus¹)
1131 574 1246 617 haud
1267 574 1340 617 ‘ita
1365 568 1619 619 exstiterant

228 653 376 698 multi:
410 665 593 709 quorum
621 643 678 697 ‘de
710 656 803 697 arte
832 652 1048 697 rhetorica
1069 652 1227 697 merita
1247 653 1329 696 etsi
1349 647 1618 710 nequaquam

228 731 540 780 contemnenda
571 735 646 775 aut
675 728 951 789 despicienda
973 734 1088 788 sunt,
1118 740 1218 775 cum
1237 731 1432 776 nonnulli
1454 743 1617 789 eorum,

227 811 497 867 Andocides,
544 811 789 870 Antiphon,
828 810 1008 868 Lysias,
1048 811 1102 855 ab
1140 810 1448 855 Alexandrinis
1488 812 1619 856 etium

229 890 376 936 decem
405 889 605 948 illorum,
637 904 744 949 quos
775 890 965 935 maxime
998 889 1205 935 excellere
1235 890 1470 948 putabant,
1501 889 1617 935 Atti-

229 979 378 1014 corum
410 972 629 1013 oratorum
661 970 707 1013 in
740 969 934 1013 ordinem
964 969 1059 1013 iure
1087 976 1137 1013 ac
1156 963 1311 1012 merito
1334 969 1421 1011 sint
1440 969 1619 1026 redacti,

228 1047 497 1105 eloquentiae
545 1051 690 1093 tamen
735 1047 882 1106 palma
921 1047 1112 1092 omnium
1150 1042 1360 1092 consensu
1399 1048 1463 1103 ei,
1511 1057 1620 1104 quae

227 1126 590 1184 Demosthenem,
621 1125 903 1184 Aeschinem,
934 1122 1195 1185 Demadem,
1227 1125 1495 1185 Lycurgum,
1526 1122 1618 1185 Hy-

228 1207 423 1264 peridem
468 1206 670 1251 florentes
709 1199 841 1262 vidit,
889 1207 1021 1250 aetati
1067 1210 1134 1250 est
1171 1206 1413 1250 deferenda.
1475 1205 1620 1262 Atque

228 1284 335 1330 haec
370 1285 467 1343 ipsa
499 1288 617 1329 aetas
650 1297 746 1329 cum
779 1287 947 1328 tantam
978 1287 1068 1328 tam
1099 1284 1369 1340 egregiorum
1401 1286 1619 1330 oratorum

229 1364 353 1421 quasi
385 1362 622 1408 effunderet
643 1364 826 1422 copiam,
859 1364 990 1409 etiam
1009 1357 1168 1407 rationi
1190 1364 1295 1407 artis
1316 1363 1620 1421 pei-poliendae

229 1446 273 1488 et
311 1442 367 1488 ad
406 1455 621 1487 summam
656 1443 964 1501 perfectionem
996 1442 1271 1488 adducendae
1302 1444 1471 1499 egregie
1501 1444 1619 1488 fave-

228 1522 316 1567 bat.
381 1521 612 1567 Sedtamen
650 1526 831 1580 propter
871 1522 935 1566 rei
973 1516 1302 1579 amplitudinem
1342 1525 1472 1580 atque·
1508 1521 1620 1567 diffi-

231 1600 437 1645 cultatem
467 1612 553 1644 non
583 1601 751 1658 primus
784 1601 964 1658 quisque
996 1601 1050 1644 ad
1071 1601 1151 1645 hoc
1172 1614 1279 1659 opus
1301 1600 1617 1659 suscipiendum

230 1682 358 1738 aptus
398 1683 526 1736 atque
564 1677 743 1723 idoneus
782 1682 896 1736 erat,
937 1678 1011 1723 sed
1050 1678 1222 1723 homine
1259 1693 1366 1737 opus
1399 1682 1492 1723 erat
1523 1679 1620 1724 dili-

229 1759 372 1816 genti,
410 1758 637 1817 prudenti,
678 1758 824 1815 docto,
859 1759 1104 1815 ingenioso,
1137 1758 1320 1816 denique
1351 1758 1618 1818 philosopho.

232 1838 346 1890 Quid
376 1838 511 1893 igitur
542 1838 825 1894 opportunius
858 1841 902 1881 et
931 1838 1182 1895 prosperius
1214 1837 1406 1882 accidere
1434 1840 1621 1895 poterat,

232 1929 363 1974 quam
395 1918 444 1960 ut
475 1916 529 1959 ad
563 1928 670 1973 opus
702 1915 783 1960 hoc
815 1915 998 1960 arduum
1030 1915 1251 1960 accederet
1272 1915 1544 1972 Aristoteles,
1575 1916 1620 1960 in

231 2009 315 2052 quo
347 2008 433 2038 uno
461 2006 610 2038 omnes
633 2005 723 2051 eae,
757 2007 862 2052 quas
885 1994 1090 2051 diximus,
1121 1995 1303 2039 virtutes
1325 1991 1621 2054 admirabilem

231 2074 277 2117 in
309 2073 486 2117 modum
517 2073 767 2118 coniunctae
789 2076 832 2118 et
853 2073 1094 2118 cumulatae
1116 2073 1296 2118 essent?-
1326 2072 1408 2126 Qui
1430 2073 1621 2117 omnium

233 2152 402 2197 dicendi
452 2152 760 2208 magistrorum
812 2152 936 2197 libris
989 2151 1316 2209 diligentissime
1363 2152 1620 2197 examinatis

233 2235 535 2289 oratorumque
576 2232 770 2275 omnium
810 2231 1074 2277 orationibus
1115 2241 1284 2275 summo
1320 2230 1462 2275 studio
1497 2230 1621 2276 lectis

309 2435 336 2478 ι)
376 2434 554 2477 Quamvis
587 2433 687 2471 enim
721 2445 858 2482 magna
886 2434 1053 2471 virorum
1073 2433 1282 2484 *doctorum
1316 2432 1364 2470 de
1389 2432 1552 2480 Gorgiae
1583 2436 1623 2470 et

232 2499 397 2538 Phaedri
413 2503 581 2546 tempore
599 2501 716 2538 natali
734 2501 785 2537 sit
800 2500 998 2546 dissensio,
1012 2500 1051 2536 id
1064 2489 1189 2537 tamen
1206 2502 1354 2537 constat
1369 2499 1467 2537 inter
1480 2510 1621 2545 omnes,

231 2564 624 2613 neutrumdialogum
647 2570 735 2613 post
758 2577 898 2603 annum
927 2578 959 2604 a.
979 2562 1067 2604 Chr.
1092 2577 1130 2603 n.
1148 2556 1231 2603 387.
1252 2566 1315 2605 vel
1339 2566 1423 2604 386.
1450 2565 1621 2613 (Olymp.

231 2632 458 2671 ch111.2.
477 2632 538 2669 vel
555 2633 606 2678 3.)
637 2633 773 2671 litteris
797 2643 881 2671 esse
907 2632 1183 2681 consignatum.
