1799 3119
949 223 1007 266 48

281 342 389 402 ipsis
421 342 536 389 enim
567 341 695 388 rebus
725 354 806 401 par
827 355 920 388 esse
940 341 1182 401 disceptare
1203 340 1293 400 (111,
1318 341 1357 388 1.
1379 341 1606 401 p..1404a
1622 341 1667 386 4.

283 422 378 466 ἐπεὶ
416 421 468 466 τό
504 439 552 477 γε
584 421 758 467 δίκαιον
787 421 927 480 μηδὲν
957 421 1093 466 πλείω
1125 421 1264 480 ζητεῖν
1295 424 1394 478 περὶ
1423 418 1502 466 πᾶν
1533 419 1670 476 λόγον

282 499 313 558 ἢ
342 498 400 552 ὥς
430 501 537 559 μήτε
566 502 724 545 λυπεῖν
751 501 860 558 μήτε
889 498 1164 558 εὐφραίνειν·
1205 501 1378 545 δίκαιον
1408 498 1492 556 γὰρ
1520 498 1669 549 αὐτοῖς

283 576 582 632 ἀγωνίζεσθαι
628 585 720 629 τοῖς
761 577 1052 636 πράγμασιν).
1094 601 1151 608 -
1193 576 1399 636 Spectant
1436 576 1541 621 haec
1578 576 1669 622 fere

283 657 428 702 omnia
459 656 514 701 ad
544 656 664 701 illam
697 657 938 701 animorum
958 656 1280 701 tractandorum
1298 657 1525 712 rationem,
1545 665 1668 712 'quae

283 735 507 780 hominum
536 735 587 779 in-
608 734 764 779 animis
785 737 928 779 motus
949 735 1148 792 eoncitat,
1179 734 1478 793 improbatque
1497 733 1668 780 Aristo-

282 814 390 859 teles
434 817 478 859 et
522 814 750 871 imPugnat
788 814 880 858 eius
919 814 965 858 in
1002 814 1217 859 rhetorica
1252 828 1379 859 usum
1417 812 1587 871 duplici
1615 812 1669 857 de

282 905 431 937 causa:
463 892 654 950 primum
686 892 786 949 quia
817 891 975 948 omnia,
1008 904 1117 948 quae
1147 892 1429 950 permotionis
1454 891 1595 947 gratia
1614 890 1668 935 ab

284 974 453 1015 oratore
492 970 712 1027 dicantur,
750 983 929 1028 prorsus
967 969 1110 1015 absint
1139 983 1166 1014 a
1195 983 1343 1023 causa;
1383 969 1536 1013 deinde
1568 968 1669 1031 quia

281 1047 471 1093 motibus
509 1047 731 1092 hominum
769 1048 985 1093 mentibus
1023 1048 1146 1105 quasi
1184 1048 1320 1106 caligo
1363 1046 1574 1105 quaedam
1604 1046 1668 1091 of-

282 1127 502 1183 fundatur,
534 1127 597 1170 ita
627 1129 676 1170 ut
705 1141 850 1171 rerum
871 1127 1099 1171 veritatem
1129 1140 1216 1171 non
1248 1127 1352 1171 satis
1379 1126 1548 1184 possint
1568 1138 1668 1183 per-

282 1205 469 1262 spicere,
510 1203 825 1262 efficiaturque,
865 1208 914 1249 ut
949 1205 1115 1264 impetu
1152 1205 1337 1263 quodam
1369 1207 1412 1249 et
1441 1203 1667 1263 perturba-

282 1284 400 1328 tione
435 1283 574 1339 magis
607 1296 737 1340 quam
766 1283 924 1328 iudicio
957 1287 1001 1328 et
1031 1283 1206 1329 oonsilio
1237 1286 1442 1340 regantur
1472 1282 1530 1337 (v.
1558 1281 1594 1339 Ι,
1628 1283 1666 1326 1.

281 1375 326 1420 p.
353 1361 509 1406 1354a
531 1361 603 1406 24.
608 1362 742 1406 ——26.
776 1364 819 1406 et
848 1361 952 1407 ibid.
976 1363 1003 1407 b
1025 1363 1124 1407 8.-
1072 1362 1236 1417 -..11)
1280 1361 1428 1419 Neque
1450 1374 1550 1406 vero
1582 1374 1667 1405 uno

281 1439 362 1484 hoc
400 1439 490 1484 solo
523 1440 729 1484 orationis
760 1453 916 1495 genere
948 1441 1081 1485 animi
1112 1442 1293 1507 possunt
1323 1439 1421 1484 duci
1453 1452 1503 1485 ac
1532 1438 1666 1493 fiecti;

281 1518 469 1576 pertinet
499 1517 555 1562 ad
582 1518 748 1564 animos
768 1518 813 1562 id
834 1532 1001 1577 quoque
1023 1532 1172 1577 genus,
1205 1518 1319 1577 quod
1339 1518 1519 1563 dicentis
1539 1518 1668 1563 habet

281 1597 695 1642 commendationem
727 1611 928 1655 eumque
940 1601 990 1642 ut
1019 1598 1237 1642 hominem
1272 1597 1455 1655 probum
1486 1600 1530 1641 et
1559 1597 1667 1641 bene

280 1678 497 1719 moratum
529 1678 573 1720 et
601 1674 686 1720 fide
717 1675 893 1732 dignum
926 1679 969 1722 et
999 1689 1103 1733 erga
1131 1675 1244 1731 illos,
1278 1675 1392 1734 apud
1424 1689 1530 1733 quos
1562 1674 1666 1733 agit,

280 1754 537 1799 benevolum
582 1754 812 1808 describit3
859 1754 1142 1799 conciliantur
1187 1754 1302 1800 enim
1349 1768 1399 1799 eo
1444 1754 1667 1798 hominum

282 1832 429 1877 animi.
492 1832 616 1877 Hanc
663 1832 869 1877 orationis
916 1833 1128 1879 rationem
1175 1834 1256 1878 etsi
1294 1832 1550 1878 Aristoteles
1594 1833 1665 1890 iis,

281 1925 388 1968 quos
419 1911 546 1955 modo
578 1910 863 1967 laudavimus,
893 1911 999 1955 locis
1030 1924 1117 1955 non
1147 1912 1304 1968 tetigit,
1335 1914 1480 1956 tamen
1502 1912 1666 1970 iustum

280 1989 425 2034 dicens
457 2002 551 2034 esse
584 1988 697 2033 solas
727 1988 845 2047 ipsas
877 1988 1104 2035 defendere
1134 2003 1204 2035 res
1231 1989 1411 2047 ideoque
1433 1990 1576 2035 omnia
1595 2003 1664 2035 re·
1690 1974 1704 1979 “

278 2067 399 2124 liqna
429 2070 601 2126 praeter
633 2068 1045 2123 argumentationem
1078 2079 1172 2113 esse
1196 2081 1526 2126 supervacanea,
1559 2069 1664 2113 satis

280 2149 428 2204 aperte
467 2145 744 2204 significavit,
783 2147 866 2192 sibi
903 2160 958 2192 ne
995 2147 1076 2192 hoe
1114 2147 1286 2205 quidem
1314 2158 1457 2203 >genus
1496 2147 1666 2193 dicendi
1707 2133 1712 2136 ¹

279 2225 373 2269 iure
405 2226 458 2271 ab
491 2225 731 2270 oratoribus
761 2225 902 2270 videri
931 2226 1146 2284 usurpari.
1200 2226 1290 2271 Nee
1319 2226 1508 2271 iudicare
1539 2226 1665 2273 aliter

279 2303 364 2348 nisi
411 2318 436 2348 a
483 2317 528 2349 se
575 2304 669 2361 ipse
707 2304 946 2349 desciscens
983 2305 1144 2362 potuit3
1190 2318 1328 2362 neque
1367 2304 1481 2349 enim
1520 2304 1663 2348 minus

280 2383 404 2426 extra
445 2395 618 2426 causam
658 2381 782 2439 dicit,
822 2382 895 2440 qui
935 2382 1126 2427 oratione
1166 2382 1360 2427 homines
1400 2382 1482 2427 sibi
1522 2382 1664 2427 studet

279 2458 522 2518 conciliare,
554 2475 683 2518 quam
715 2461 789 2518 qui
818 2475 889 2505 eos
920 2461 1106 2519 impellit
1136 2460 1191 2505 ad
1214 2464 1370 2505 motus.
1418 2460 1511 2505 Hoc
1530 2445 1664 2517 igitur

276 2538 325 2583 in
364 2527 514 2598 aperto
555 2543 640 2597 est,
678 2538 958 2584 Aristotelem
999 2540 1164 2599 animos
1194 2539 1450 2600 pertractari
1480 2540 1533 2586 ab
1565 2553 1662 2585 ora-

278 2621 394 2676 tore,
426 2620 691 2674 utracunque
720 2618 802 2664 hoc
830 2618 953 2664 fieret
982 2620 1171 2677 ratione,
1202 2633 1281 2679 pro
1313 2613 1417 2664 vitio
1449 2618 1660 2665 habuisse.
