1799 3119
203 922 316 998 Etsi
347 965 494 997 verum
537 956 623 1009 est,
660 950 708 996 id
747 949 861 1010 quod
898 964 1056 1008 negare
1087 963 1213 997 nemo
1244 953 1410 1011 potest,
1449 954 1586 995 artem

202 1031 370 1076 dicendi
401 1031 517 1089 apud
546 1045 709 1087 omnes,
741 1032 981 1088 quicunque
1004 1031 1284 1075 humanitatis
1305 1031 1466 1074 fuerint
1485 1043 1586 1087 par-

201 1111 369 1168 ticipes,
399 1110 580 1169 populos
609 1110 751 1167 aliquo
772 1111 818 1153 in
840 1124 922 1154 usu
942 1124 1113 1168 semper
1133 1111 1282 1168 fuisse,
1314 1109 1586 1166 maximeque

200 1189 335 1245 illam,
368 1202 476 1245 quae
506 1189 552 1233 in
580 1189 720 1234 causis
741 1188 923 1246 privatis
945 1189 1121 1243 agendis
1140 1193 1352 1245 versatur,
1384 1189 1586 1245 eloquen-

201 1267 330 1324 tiam,
369 1266 692 1324 qualiscunque.
712 1265 936 1311 civitatum
976 1269 1113 1311 status
1143 1266 1275 1311 fuerit
1306 1270 1349 1311 et
1380 1265 1588 1322 condicio,

201 1359 421 1402 nunquam
466 1359 643 1402 prorsus
690 1345 936 1401 evanuisse,
982 1348 1128 1389 tamen
1174 1349 1218 1389 et
1262 1359 1342 1402 per
1380 1359 1425 1389 se
1462 1344 1588 1389 facile

202 1424 472 1481 cognoscitur
503 1427 546 1469 et
574 1423 779 1469 historiae
809 1422 893 1468 fide
924 1423 1241 1483 comprobatur,
1273 1427 1412 1469 artem
1442 1423 1586 1468 rheto-

201 1505 336 1549 ricam
366 1503 611 1548 universam
640 1503 753 1548 laete
783 1502 1047 1548 efflorescere
1079 1504 1359 1561 omnibusque
1390 1504 1586 1562 partibus

203 1583 417 1628 excultam
437 1582 582 1638 vigere
614 1585 658 1626 et
686 1581 838 1627 florere
870 1581 987 1627 nullo
1013 1583 1140 1628 modo
1161 1597 1289 1642 posse
1309 1583 1395 1628 nisi
1415 1583 1462 1627 in
1483 1582 1587 1627 civi-

201 1661 362 1706 tatibus
394 1664 469 1705 aut
497 1660 645 1705 liberis
667 1664 742 1704 aut
766 1683 821 1691 —-
842 1675 896 1704 ne
918 1662 1167 1705 recentioris
1189 1662 1343 1705 aetatis
1365 1662 1588 1705 videamur

203 1754 296 1785 esse
333 1741 605 1784 immemores
638 1762 693 1769 —-
726 1739 773 1783 in
811 1740 964 1796 quibus
995 1740 1204 1797 principis
1235 1744 1426 1798 potestas
1458 1740 1587 1784 certis

202 1819 261 1864 sit
289 1818 485 1863 terminis
517 1816 853 1875 circumscripta.
915 1817 1027 1862 Nam
1057 1818 1104 1862 in
1134 1818 1212 1875 iis,
1244 1831 1351 1876 quas
1383 1818 1587 1876 diximus,

202 1897 445 1942 civitatibus
467 1910 564 1941 cum
584 1909 732 1941 omnes
752 1896 904 1941 salutis
926 1898 1165 1941 communis
1187 1901 1415 1942 teneantur
1430 1897 1588 1954 studio,

201 1989 339 2035 neque
377 1975 598 2033 cuiquam,
638 1974 741 2033 quid
779 1975 936 2020 sentiat
967 1975 1019 2021 de
1050 1975 1232 2035 publicis
1263 1975 1414 2034 rebus,
1451 1975 1587 2020 libere

202 2057 469 2114 ingenueque
496 2056 655 2100 ‘dicere
702 2055 871 2099 crimini
914 2056 993 2113 sit,
1039 2057 1358 2113 maximamque
1395 2056 1434 2100 is
1474 2056 1588 2099 inter

202 2136 316 2181 cives
356 2136 547 2181 obtineat
586 2135 906 2193 auctoritatem,
949 2136 1022 2193 qui
1061 2136 1240 2180 consilia
1277 2149 1355 2181 sua
1394 2136 1587 2180 oratione

203 2215 366 2273 optima
395 2215 533 2272 possit
562 2214 767 2272 probare,
805 2214 1048 2272 eloquentia
1076 2215 1313 2259 laetissima
1343 2215 1488 2272 capiat
1519 2215 1587 2258 in-

203 2296 420 2339 crementa
448 2306 622 2338 necesse
643 2306 752 2350 esse,
784 2294 879 2350 quis
901 2298 966 2339 est
986 2294 1091 2351 quin
1113 2294 1266 2339 habeat
1285 2292 1587 2352 perspectum?

203 2371 296 2424 Qua
326 2372 380 2416 de
410 2385 540 2416 causa
553 2371 741 2415 minime
763 2372 1007 2418 mirandum
1029 2377 1109 2429 est,
1140 2373 1254 2429 quod
1275 2373 1328 2416 ab
1350 2372 1587 2416 Athenien-

204 2451 320 2495 sibus
358 2451 458 2495 inde
500 2465 525 2495 a
556 2450 733 2496 Periclis
772 2455 932 2508 aetate,
971 2466 1025 2496 ex
1065 2465 1147 2508 quo
1188 2455 1381 2509 tempore
1419 2465 1586 2496 summa

202 2530 431 2575 utebantur
460 2529 680 2587 libertate,
717 2543 815 2574 cum
847 2530 977 2573 etiam
1008 2543 1035 2573 a
1065 2533 1220 2574 natura
1249 2530 1487 2586 insignibus
1517 2530 1584 2572 in-

203 2610 318 2668 genii
358 2609 527 2655 dotibus
566 2609 752 2668 praediti
792 2613 958 2668 essent,
996 2609 1211 2657 rhetorica
1246 2624 1412 2656 summo
1443 2607 1584 2655 studio

1297 2691 1316 2724 1
