1799 3119
908 188 969 234 26

252 309 428 358 δίκαιόν
471 327 516 355 τε
547 313 620 355 καὶ
652 310 829 365 ἄδικον,
870 323 979 370 quae
1009 313 1161 371 postea
1190 310 1252 357 ita
1283 312 1451 356 tantum
1480 312 1637 357 immu-

250 394 384 449 tatur,
416 394 478 448 ut,
511 390 624 448 quod
646 388 828 447 Gorgias
860 390 912 435 de
944 390 1182 435 rhetoricae
1210 391 1390 436 materia
1410 404 1635 450 perperam

249 458 417 526 statuit,
448 470 660 514 refutetur
692 472 735 513 et
766 470 1028 514 emendetur.
1073 469 1364 528 Reprehendit
1393 469 1526 526 igitur
1558 469 1636 515 So—

248 551 389 593 crates
429 562 556 606 quam
591 546 774 604 Gorgias
805 549 1005 607 probavit
1034 546 1326 594 definitionem
1357 563 1405 594 eo
1438 548 1527 593 solo
1558 562 1635 593 no-

247 628 381 683 mine,
418 628 531 683 quod
561 628 755 671 numeris
787 627 876 671 suis
907 640 993 671 non
1025 627 1083 671 sit
1113 627 1327 681 absoluta3
1366 641 1504 685 neque
1533 639 1635 671 vero

248 719 344 751 eam
366 706 539 750 omnino
561 705 701 750 reiicit
721 708 797 749 aut
816 717 995 763 pravam
1016 705 1301 763 vitiosamque
1322 719 1416 751 esse
1436 705 1634 751 ostendit.

249 784 343 838 Qua
373 785 427 830 de
458 797 603 841 causa,
634 796 734 828 cum
763 796 819 829 ne
848 784 895 828 in
918 782 1112 828 Phaedro
1145 783 1318 842 quidem
1348 783 1464 829 ullus
1495 787 1635 830 exstet

246 864 388 922 leem,
437 878 521 922 quo
561 863 808 920 Platonem,
857 863 961 920 quid
1001 867 1146 908 orator
1187 863 1361 909 deberet
1398 867 1634 922 praestare,

248 945 354 990 satis
392 943 521 1003 plane
560 943 702 987 animo
742 941 943 986 habuisse
981 946 1233 1001 conceptum
1270 943 1512 999 evincatur,
1554 943 1633 987 etsi

245 1035 331 1066 non
362 1022 556 1080 praecise
586 1033 760 1078 negare,
791 1020 928 1065 multo
959 1023 1105 1066 tamen
1135 1021 1279 1066 minus
1309 1035 1388 1080 pro
1420 1023 1537 1065 certo
1570 1020 1633 1065 af-

244 1100 418 1145 firmare
450 1101 604 1156 ausim,
637 1100 718 1143 hac
749 1099 801 1143 de
832 1113 880 1143 re
912 1100 1066 1144 ceteris
1092 1101 1246 1144 aetatis
1268 1113 1371 1145 suae
1390 1100 1633 1145 rhetoribus

245 1194 343 1226 eum
374 1180 632 1224 iudicavisse
661 1179 836 1223 rectius.

336 1258 545 1304 Venimus
573 1258 662 1302 iam
683 1258 739 1302 ad
759 1271 856 1303 eam
877 1258 1185 1316 quaestionem,
1216 1259 1264 1303 in
1284 1271 1369 1316 qua
1387 1258 1633 1317 philosophi

244 1339 383 1385 nostri
410 1341 560 1397 utpote
583 1338 777 1383 veritatis
798 1338 1056 1395 virtutisque
1077 1338 1363 1382 amantissimi
1383 1351 1409 1382 a
1430 1338 1632 1396 sophistis

243 1432 331 1464 non
360 1421 562 1477 poterant
588 1430 675 1461 non
697 1429 826 1474 quam
846 1416 1221 1462 vehementissime
1241 1416 1450 1462 dissidere
1472 1429 1522 1461 ac
1543 1416 1631 1461 dis-

244 1498 418 1543 sentire.
482 1496 561 1541 Isti
600 1496 716 1541 enim
751 1499 801 1539 ut
830 1496 936 1541 artis
969 1496 1182 1541 oratoriae
1212 1496 1401 1555 rationes
1430 1499 1634 1554 putarent

246 1591 343 1622 cum
375 1576 555 1621 veritate
588 1578 631 1620 et
661 1575 884 1620 honestate
915 1576 1163 1620 coniunctas
1195 1588 1288 1620 esse
1320 1575 1494 1633 debere,
1534 1578 1630 1619 tan-

242 1659 337 1701 tum
369 1656 538 1712 aberat,
571 1658 620 1699 ut
650 1667 787 1711 neque
818 1653 999 1698 fallaciis
1029 1653 1335 1711 fraudibusque
1366 1654 1631 1699 audientium

242 1736 410 1780 animos
442 1748 596 1793 capere
627 1737 702 1777 aut
734 1732 881 1777 sedulo
914 1732 1098 1789 dataque
1130 1747 1261 1791 opera
1284 1734 1329 1777 in
1352 1747 1541 1778 errorem
1561 1735 1629 1795 in-

241 1815 414 1870 ducere,
444 1826 584 1870 neque
615 1811 795 1857 consilia
825 1810 995 1869 publice
1024 1812 1212 1856 ineunda
1242 1812 1435 1857 consulto
1459 1812 1631 1858 flectere

240 1894 288 1938 in
318 1893 457 1951 peius,
489 1905 628 1949 neque
654 1890 936 1949 turpitudinis
958 1894 1033 1935 aut
1051 1891 1289 1935 iniustitiae
1309 1904 1481 1936 causam
1503 1905 1630 1948 agere

240 1972 399 2031 probro
432 1971 514 2016 sibi
546 1984 640 2016 esse
672 1972 748 2015 aut
779 1968 977 2015 dedecori
1009 1969 1318 2015 existimarent.
1361 1970 1496 2015 Immo
1521 1971 1630 2015 nihil

242 2051 460 2108 antiquius
498 2048 734 2106 habebant,
773 2062 903 2107 quam
940 2053 989 2094 ut
1018 2049 1088 2095 vel
1124 2050 1339 2109 pessimae
1378 2050 1530 2107 cuique
1565 2050 1629 2095 rei

241 2129 368 2174 fidem
408 2128 636 2186 afferrent,
675 2129 950 2174 detraherent
981 2128 1049 2173 vel
1079 2130 1306 2187 optimae,·
1329 2131 1378 2173 ut
1407 2128 1628 2173 meliorem

244 2221 417 2253 causam
448 2208 656 2267 peiorem,
687 2208 879 2267 peiorem
910 2207 1138 2253 redderent
1160 2207 1382 2253 meliorem
1404 2205 1497 2263 (τὸν
1516 2208 1627 2266 ἥττω

242 2287 376 2340 λόγον
413 2289 590 2343 κρείττω
631 2287 822 2343 ποιεῖν),
862 2290 911 2330 ut
947 2300 1051 2331 vera
1088 2290 1384 2331 converterent
1419 2287 1465 2330 in
1503 2287 1627 2344 falsa,

239 2365 361 2410 falsis
392 2367 482 2411 veri
523 2366 709 2424 speciem
740 2366 981 2410 induerent.
1042 2365 1170 2410 Hunc
1199 2379 1450 2423 perversum
1480 2366 1627 2423 perni-

239 2445 489 2500 ciosumque
518 2445 757 2489 rhetoricae
787 2458 914 2488 usum
945 2457 1031 2488 uno
1064 2458 1137 2488 ore
1167 2456 1337 2501 unoque
1361 2444 1504 2488 animo
1526 2457 1626 2488 con-

239 2523 447 2568 demnant
491 2521 613 2567 Plato
660 2526 703 2568 et
748 2522 1020 2568 Aristoteles.
1088 2522 1200 2568 Nam
1245 2522 1316 2568 hic
1362 2522 1535 2581 quidem
1580 2523 1626 2567 in

240 2601 436 2647 Phaedro
478 2601 706 2658 sophistis,
745 2602 808 2646 ita
844 2602 1141 2659 potissimum,
1181 2606 1229 2646 ut
1263 2616 1446 2659 pravum
1478 2614 1625 2646 eorum
