1799 3119
835 149 892 192 39

177 270 477 329 inveniendae,
516 269 592 315 sed
621 268 691 314 vel
729 283 783 315 ex
820 270 1039 316 rhetorum
1075 269 1199 317 libris
1230 271 1322 329 vel,
1360 273 1397 317 si
1438 272 1556 332 apud

178 364 250 398 eos
279 363 367 396 non
395 349 688 405 inveniuntur,
719 361 774 393 ex
803 349 926 407 ipsis,
960 350 1014 394 ad
1038 364 1144 408 quas
1164 351 1395 408 pertinent,
1426 351 1554 396 disci-

176 429 331 490 plinis,
361 428 475 473 unde
506 429 733 472 sumuntur
763 427 892 471 etiam
924 441 951 472 a
979 429 1199 485 magistris
1231 429 1423 486 dicendi,
1454 433 1555 474 811111

176 506 447 567 repetendae
492 505 626 563 Aliud
656 508 800 561 autem
830 509 897 551 est
926 505 1240 553 definitionibus
1273 507 1446 553 aliunde
1476 522 1554 566 pe-

177 587 268 632 titis
298 585 380 641 uti,
411 583 530 628 aliud
558 587 702 629 mente
733 595 805 630 eas
834 584 1015 641 fingere3
1047 586 1128 631 hoc
1158 587 1273 631 enim
1304 587 1379 644 qui
1409 587 1553 644 faciet,

176 663 398 710 dialectica
432 661 559 707 facile
598 675 743 708 carere
771 664 955 721 poterit,
995 664 1051 708 ad
1080 664 1188 708 illud
1218 678 1288 710 ars
1322 679 1374 710 ea
1403 666 1554 723 utique

175 743 257 789 erit
293 740 547 787 necessaria.
603 740 782 787 Constat
818 744 962 786 autem
997 742 1088 786 fere
1123 742 1236 786 inter
1274 756 1421 788 omnes
1451 743 1552 789 rhe-

172 826 286 866 tores
324 820 478 879 (atque
519 821 624 866 haec
661 820 834 878 quidem
873 823 917 866 et
955 820 1092 878 ipsius
1122 819 1314 865 Platonis
1352 825 1419 866 est
1454 836 1551 867 8611-

171 899 351 958 tentia),
396 900 451 945 111
482 902 666 946 oratorer
688 901 887 959 oportere
926 912 1021 944 eam
1061 897 1155 944 esse
1191 899 1462 958 facultatem,
1505 903 1555 946 ut

169 979 263 1037 ipse
293 992 363 1024 res
393 979 532 1037 possit
561 977 739 1024 definire
747 975 806 1034 ¹⁴).
852 977 975 1031 Quod
1004 979 1242 1024 rectissime
1267 993 1340 1024 eos
1360 979 1553 1026 iudicare

169 1061 311 1116 patet,
353 1058 554 1116 quoniam
589 1072 726 1115 neque
757 1071 904 1102 omnes
935 1071 1026 1115 res,
1066 1072 1175 1115 quae
1205 1057 1300 1103 fieri
1329 1061 1473 1116 potest
1502 1062 1553 1103 ut

170 1136 446 1194 explicandae
484 1136 594 1194 sint,
636 1136 690 1180 ad
727 1139 889 1182 certam
926 1136 1113 1195 aliquam
1143 1137 1361 1195 pertinent
1392 1137 1551 1182 doctri—

168 1228 292 1273 nam,
334 1218 378 1260 et
414 1215 468 1260 de
497 1215 650 1273 rebus,
688 1228 798 1273 quae
826 1215 874 1259 in
905 1215 1109 1260 doctrinis
1141 1219 1243 1260 811111
1272 1216 1402 1274 sitae,
1441 1230 1551 1260 non-

168 1307 388 1352 nunquam
419 1294 494 1339 alii
526 1294 653 1340 aliter
683 1296 890 1351 statuunt,
922 1294 984 1338 ita
1015 1297 1064 1339 ut
1095 1293 1147 1339 de
1171 1294 1239 1339 his
1261 1298 1407 1339 orator
1426 1308 1551 1340 suam

166 1373 303 1430 ipsius
336 1374 504 1431 aperire
536 1374 792 1418 sententiam
823 1373 881 1417 sit
910 1375 1095 1417 coactus.
1142 1373 1291 1430 Neque
1321 1377 1468 1418 tamen
1499 1388 1549 1419 eo

166 1451 304 1507 magis
342 1450 589 1509 Aristoteli,
635 1451 749 1509 quod
787 1450 868 1495 1166
904 1450 1268 1509 praetermiserit,
1307 1465 1463 1509 magno
1501 1453 1547 1497 in

167 1529 344 1575 crimine
374 1529 620 1589 ponendum
651 1541 823 1584 censeo3
853 1532 997 1587 potest
1017 1530 1132 1574 enim
1153 1530 1245 1574 eius
1268 1531 1373 1574 satis
1393 1531 1549 1577 idonea

167 1607 311 1669 afferri
342 1609 575 1671 excusatio,
607 1608 660 1654 de
691 1622 776 1667 qua
805 1607 935 1667 paulo
958 1612 1057 1668 post
1085 1607 1144 1668 (p.
1162 1609 1239 1665 42)
1261 1609 1515 1656 videbimus.

254 1688 511 1735 Aristoteles
552 1688 632 1735 etsi
673 1701 744 1733 eas
783 1700 957 1746 causas,
1005 1687 1058 1732 de
1097 1688 1250 1746 quibus
1288 1687 1411 1734 Plato
1449 1704 1547 1735 ora-

165 1771 303 1813 torem
333 1769 381 1813 in
411 1767 636 1812 dialectica
665 1770 884 1812 versatum
915 1781 1008 1811 esse
1038 1767 1156 1824 vult,
1186 1771 1236 1812 ut
1266 1769 1546 1828 ostendimus,

165 1846 334 1892 silentio
365 1846 589 1905 praeterit,
620 1849 765 1891 tamen
795 1845 1053 1890 rhetoricam
1085 1845 1204 1891 illius
1228 1847 1333 1892 artis
1353 1848 1547 1905 indigere

164 1928 208 1969 et
252 1925 346 1983 ipse
393 1925 516 1970 docet
559 1924 688 1982 idque
727 1924 808 1968 hoc
848 1927 1098 1980 argumento
1140 1924 1384 1990 confirmat,
1431 1927 1544 1983 quod

163 2003 354 2049 vicissim
393 2002 509 2064 apud
537 2002 760 2048 Platonem
799 2002 1104 2047 desideramus.
1160 2001 1370 2056 Quoniam
1399 2004 1542 2049 rheto-

162 2082 276 2127 ricae
297 2083 565 2142 propositum
587 2082 645 2128 sit
663 2081 936 2141 persuadere,
956 2081 1150 2125 homines
1171 2083 1315 2126 autem
1337 2096 1388 2127 ea
1406 2084 1543 2141 potis-

164 2160 320 2207 simum
350 2175 557 2221 persuasa
587 2161 785 2219 habeant,
817 2173 925 2219 quae
950 2160 1241 2205 demonstrata
1261 2174 1354 2206 esse
1372 2164 1543 2221 putent,

163 2241 437 2287 manifestum
468 2242 530 2286 ait
561 2254 677 2299 esse,
708 2241 754 2285 in
785 2254 1040 2299 unaquaque
1070 2241 1261 2286 oratione
1291 2240 1418 2297 longe
1449 2255 1542 2286 ma-

162 2319 278 2366 xime
334 2321 598 2366 necessarias
657 2334 750 2366 esse
805 2320 1199 2365 demonstrationes.
1269 2319 1542 2366 Rhetoricam

162 2401 305 2444 autem
337 2399 393 2444 ad
416 2399 795 2445 demonstrandum
815 2399 880 2444 uti
901 2397 1230 2457 enthymematis
1251 2401 1295 2443 et
1316 2400 1541 2459 exempIiS,

235 2506 280 2552 ¹⁴)
305 2506 353 2545 V.
368 2506 489 2545 einer.
501 2506 605 2545 Orat.
630 2516 663 2545 6.
675 2507 713 2544 4.
737 2510 769 2550 §-
785 2506 843 2544 16.
869 2516 902 2543 6.
916 2506 976 2545 33.
1000 2509 1033 2552 5.
1046 2506 1130 2545 117.
1154 2506 1240 2545 6611.
1254 2506 1386 2556 primis
1409 2509 1441 2553 §-
1456 2506 1536 2546 118

162 2565 298 2608 verbis.
336 2567 443 2607 Brut.
468 2577 502 2606 c.
521 2566 583 2606 41.
607 2566 737 2612 §.152
755 2576 814 2617 sq.
