1799 3119
907 173 965 216 62

245 293 483 347 λογοῦνται
512 294 586 337 καὶ
617 291 963 351 κατηγοροῦσιν),
1000 294 1048 335 οἳ
1075 290 1125 335 δὲ
1158 287 1232 335 διὰ
1264 289 1507 348 συνήθειαν
1537 286 1626 336 α’πό

244 373 388 424 ἕξεως.
418 370 531 415 ..ἐπεὶ
562 368 610 420 δ’
632 367 894 428 ἄμφοτέρως
925 368 1169 424 ἐνδέχεται,
1206 368 1344 427 δῆλον
1372 368 1442 413 ὅτι
1470 371 1536 426 εἴη
1567 368 1627 414 ἄν

245 448 360 494 αὐτοὶ
390 454 465 493 καὶ
496 447 742 494 ὁδοποιεῖν·
776 446 841 492 δι’
863 449 889 493 ὃ
918 448 1002 505 γὰρ
1034 448 1395 503 ἐπιτυγχάνουσιν
1416 450 1463 490 οἳ
1479 462 1527 491 τε
1547 444 1625 490 διὰ

245 528 490 585 συνήθειαν
527 532 602 570 καὶ
633 525 676 570 οἳ
706 524 798 571 α’πὸ
828 525 1123 583 ταύτομάτου,
1149 524 1228 582 τὴν
1257 527 1405 572 αἰτίαν
1434 528 1627 583 θεωρεῖν

244 606 480 661 ἐνδέχεται,
518 604 567 651 τὰ
603 606 653 649 δὲ
683 608 884 650 τοιοῦτον
915 604 997 662 ἤδη
1028 604 1188 655 πάντες
1219 599 1279 648 ἄν
1308 600 1627 661 ὁμολογήσαιεν

242 687 395 740 τέχνης
433 683 563 741 ἔργον
592 686 719 728 εἶναι.
779 683 858 727 Ait
887 682 1041 739 igitur,
1082 695 1180 726 cum
1211 694 1265 725 ex
1296 681 1424 737 vulgo
1456 681 1531 726 alii
1561 684 1626 727 te-

242 775 361 806 mere
392 775 442 807 ac
471 762 650 806 fortuito
682 761 828 807 dicant
859 774 1025 817 causas,
1057 759 1130 805 alii
1158 773 1239 805 usu
1260 762 1304 805 et
1323 759 1627 805 consuetudine

242 841 288 884 id
316 841 494 898 faciant,
523 854 611 885 non
643 853 737 885 esse
768 840 961 896 dubium,
994 840 1098 896 quin
1129 839 1256 883 liceat
1284 852 1457 884 causam
1478 838 1625 897 explo-

243 933 340 964 rare
372 923 415 963 et
446 922 610 974 notare,
642 932 719 962 cur
750 921 794 962 et
825 918 869 962 hi
900 922 943 962 et
973 917 1039 961 illi
1068 917 1339 975 propositum
1363 931 1489 961 suum
1510 930 1626 961 asse-

243 999 452 1054 quantur,
482 996 628 1053 itaque
660 999 779 1040 certa
809 996 955 1054 aliqua
985 995 1154 1040 dicendi
1185 995 1399 1053 patefacta
1429 996 1523 1052 via,
1554 1008 1625 1044 ra-

241 1076 357 1120 tione
389 1089 589 1120 exercere
620 1075 900 1129 rhetoricam3
932 1075 1013 1119 hoc
1044 1079 1188 1119 autem
1220 1088 1367 1120 omnes
1388 1078 1503 1119 certe
1524 1087 1625 1119 mn-

241 1167 436 1199 cessuros
467 1154 572 1198 artis
605 1167 697 1199 esse
728 1167 899 1198 munus.
948 1152 1110 1206 Quibus
1143 1153 1348 1198 extremis
1379 1153 1521 1197 verbis
1550 1152 1625 1197 ad-

241 1233 418 1277 modum
438 1235 506 1277 est
525 1232 618 1275 veri
641 1233 797 1288 simile,
819 1232 933 1289 quod
953 1231 1079 1275 multi
1099 1231 1183 1275 viri
1204 1231 1318 1276 docti
1338 1232 1628 1289 suspicantur,

241 1314 354 1355 tecte
385 1310 600 1365 designari
635 1323 684 1355 ac
715 1310 972 1368 reprehendi
1003 1309 1251 1364 Platonem;
1283 1310 1359 1354 sed
1389 1310 1470 1354 hoc
1500 1310 1538 1354 si
1564 1310 1627 1353 ita

242 1391 328 1444 est,
362 1388 578 1445 sequitur,
610 1391 659 1431 ut
688 1387 962 1444 Aristoteles,
994 1388 1159 1444 pariter
1188 1401 1238 1431 ac
1268 1391 1368 1445 post
1398 1401 1497 1432 eum
1526 1401 1625 1445 per-

240 1458 388 1523 multi,
429 1466 633 1523 deceptus
674 1479 724 1511 ea
762 1480 832 1523 re,
872 1466 986 1522 quod
1019 1464 1141 1510 Plato
1181 1479 1359 1523 prorsus
1390 1466 1626 1521 generatim

241 1544 375 1601 dixit,
415 1558 524 1602 quae
564 1544 617 1589 de
656 1544 810 1589 studiis
843 1543 1043 1588 oratoriis
1076 1557 1178 1589 suae
1209 1544 1362 1589 aetatis
1394 1544 1529 1589 voluit
1559 1544 1625 1589 in-

241 1623 402 1680 telligi,
449 1624 555 1668 artis
596 1623 724 1668 laude
763 1637 860 1667 eum
898 1624 1117 1680 putaverit
1155 1624 1412 1667 rhetoricam
1452 1624 1624 1667 omnino

237 1702 371 1746 fuisse
402 1702 687 1760 privaturum.
736 1700 873 1754 Quam
905 1701 1165 1759 opinionem,
1199 1702 1395 1759 quamvis
1417 1702 1563 1747 favere
1585 1702 1625 1747 ei

240 1781 464 1838 scriptoris
483 1781 616 1824 verba
635 1781 878 1836 videantur,
909 1784 1054 1823 tamen
1073 1780 1227 1824 falsam
1250 1794 1358 1836 esse,
1379 1780 1623 1825 Platonem-

241 1871 322 1916 que
353 1858 425 1902 via
455 1858 597 1903 dicere
629 1861 672 1903 et
703 1858 868 1902 ratione
899 1871 986 1902 non
1018 1857 1161 1903 minus
1195 1872 1321 1916 quam
1344 1858 1623 1904 Aristotelem

239 1937 455 1991 censuisse
486 1937 593 1996 artis
625 1951 733 1994 esse,
766 1950 898 1994 supra
927 1937 1033 1981 satis
1053 1936 1190 1981 firmis
1211 1937 1496 1995 gravibusque
1516 1937 1623 1982 mihi

237 2015 387 2060 videor
417 2015 622 2073 probasse
655 2016 932 2071 argumentis.

328 2093 394 2138 De
425 2094 612 2138 utilitate
642 2093 880 2137 rhetoricae
911 2094 1167 2138 Aristoteles
1200 2094 1392 2152 disputat
1418 2094 1548 2139 latius
1570 2092 1621 2152 (I,

242 2174 281 2216 1.
313 2186 356 2230 p.
383 2173 542 2217 1355a
565 2174 638 2217 20.
655 2171 788 2230 sqq.);
830 2172 905 2217 sed
944 2174 1145 2230 quoniam
1186 2177 1275 2218 tam
1306 2174 1418 2219 male
1454 2174 1507 2219 de
1541 2174 1622 2219 hac

238 2253 330 2294 arte
362 2251 583 2295 docuimus
614 2265 669 2295 ne
688 2250 914 2295 Platonem
945 2252 1115 2308 quidem
1145 2253 1370 2309 cogitasse,
1402 2256 1451 2297 ut
1470 2252 1619 2297 utilem

238 2342 334 2373 eam
365 2343 458 2374 esse
490 2330 663 2375 omnino
685 2344 771 2375 non
792 2343 919 2388 posse
942 2330 1223 2387 existimaret,
1256 2344 1620 2389 supervacaneum

235 2411 342 2465 puto
363 2409 577 2465 persequi,
600 2423 708 2466 quae
724 2408 982 2453 Aristoteles
1004 2408 1057 2452 de
1078 2409 1158 2453 hac
1178 2422 1226 2453 re
1248 2410 1437 2469 exponit.
1478 2409 1618 2463 Quare

235 2485 307 2532 hic
336 2484 566 2544 aliquando
598 2488 902 2546 disputationis
933 2488 1060 2533 huius
1093 2489 1151 2534 sit
1164 2483 1290 2534 -finis.
