1799 3119
768 231 825 274 5⁵

109 347 381 407 cognoscitur
427 362 480 395 ex
519 349 589 395 his
627 347 815 397 Socratis
851 349 1016 409 verbis,
1062 349 1280 398 collocatis
1317 351 1408 398 fe're
1444 352 1493 397 in

110 428 320 489 principio
357 429 513 484 totius,
554 443 662 485 quae
698 430 746 474 in
774 430 855 474 hoc
884 430 1053 485 dialogo
1096 431 1150 474 de
1188 433 1307 473 recta
1345 444 1394 475 ac
1424 431 1491 476 vi-

110 509 220 556 tiosa
248 505 419 552 dicendi
449 507 613 553 ratione
645 506 711 567 (p.
742 508 830 553 259
840 507 896 552 E.
933 507 1019 570 ὅπῃ
1051 507 1196 560 καλῶς
1227 506 1315 564 ἔχει
1347 508 1489 564 λέγειν

108 590 184 631 καὶ
202 584 289 646 ὅπῃ
317 585 394 641 μή)
420 586 675 643 instituitur,
707 587 1032 644 disputationis:
1063 586 1236 644 Ποὶριτε
1258 587 1326 645 δή,
1346 589 1491 644 θρέμ-

106 680 225 723 ματα
269 671 455 718 γενναῖα
500 665 579 720 (sie
618 665 740 723 quasi
778 664 959 710 advocat
998 665 1226 723 allicitque'
1257 666 1490 723 orationes,

109 756 214 800 quas
258 741 381 797 fingit
421 742 476 787 ad
516 757 563 787 se
602 756 695 787 esse
735 755 979 787 accessuras
1019 728 1339 801 rhetoricaeque
1383 744 1491 788 artis

107 820 279 867 laudem
308 821 563 879 empturas),
593 820 868 864 καλλίπαιδά
898 837 944 864 τε
966 822 1169 877 Φαῖδρον
1188 826 1381 874 πείθετε,
1414 819 1491 874 ὥς,

108 898 186 945 ἐὰν
229 897 289 958 μὴ
330 897 491 950 ἱκανῶς
528 895 828 959 φιλοσοφήσῃ,
876 896 982 943 οὐδὲ
1020 897 1169 951 ἱκανός
1206 916 1312 943 ποτε
1350 900 1492 954 λέγειν

107 977 228 1023 ἔσται
257 982 357 1037 περὶ
389 976 571 1030 ‹nideros-
603 977 663 1036 (p.
691 977 886 1034 Γ261Α.).
937 977 1082 1035 Atque
1114 991 1189 1023 eae
1221 977 1395 1036 quidem
1427 978 1493 1023 di-

108 1058 327 1116 sciplinae,
358 1057 412 1102 de
443 1056 596 1114 quibus
616 1057 693 1114 ita,
724 1060 773 1101 ut
794 1057 1086 1115 exposuimUS‚
1120 1057 1321 1116 deinceps
1343 1058 1389 1102 in
1409 1058 1492 1102 hoc

107 1149 302 1181 somene
339 1135 586 1191 disseritur,
629 1148 763 1192 aeque
802 1149 949 1180 omnes
989 1137 1261 1180 continentur
1299 1136 1490 1194 philoso-

106 1214 229 1273 phia3
268 1227 369 1259 nam
409 1214 499 1258 eius
538 1226 640 1271 pars
678 1213 887 1270 quaedam
931 1217 996 1258 est
1036 1217 1079 1258 et
1119 1228 1228 1271 quae
1268 1214 1321 1259 de
1361 1214 1492 1259 rebus

106 1293 228 1338 bonis
261 1295 304 1336 et
332 1292 459 1336 malis
489 1291 657 1348 quaerit
687 1290 883 1335 doctrina
914 1294 957 1335 et
985 1291 1209 1336 dialectica
1241 1296 1284 1336 et
1306 1292 1491 1348 denique

105 1370 401 1430 psychologia3
442 1370 600 1413 artium
641 1372 786 1413 autem
815 1368 1012 1426 illarum,
1053 1383 1235 1426 quarum
1267 1370 1493 1415 scientiam

105 1451 152 1495 in
189 1454 416 1495 causarum
453 1446 679 1505 generibus
719 1435 898 1504 singulis
936 1447 1124 1492 diximus
1164 1462 1258 1493 esse
1293 1462 1491 1494 neeessa-

105 1529 237 1586 riam,
268 1527 563 1586 philosophiae
594 1526 747 1572 subiici
777 1530 852 1570 aut
882 1527 1066 1585 supponi
1097 1530 1239 1585 potest
1268 1528 1412 1585 nulla,
1445 1528 1492 1572 id

106 1607 220 1666 quod
264 1619 521 1665 percenseas
567 1619 639 1651 eas
676 1605 800 1650 facile
840 1614 920 1664 per
958 1620 1004 1651 se
1045 1607 1224 1663 quisque
1262 1607 1490 1663 intelliget.

106 1686 306 1732 Ceterum
326 1684 465 1741 Plato,
498 1697 758 1742 quamquam
789 1684 842 1729 de
872 1685 940 1729 his
971 1698 1057 1729 non
1089 1685 1314 1742 quaesivit,
1346 1689 1492 1731 tamen

106 1766 168 1811 sic
206 1777 375 1823 quoque
413 1763 517 1808 satis
558 1762 889 1821 demonstravit,
929 1764 1043 1821 quod
1081 1763 1267 1809 Phaedri
1304 1764 1491 1822 quodam

104 1840 251 1897 loco¹⁹)
284 1843 449 1898 statuit,
480 1842 748 1898 eloquentiae
778 1841 951 1885 laudem
980 1856 1068 1885 non
1097 1856 1225 1899 posse
1249 1844 1492 1900 comparari

106 1922 198 1967 sine
236 1921 444 1967 doctrina.
498 1918 558 1965 Et
591 1919 673 1965 hoc
704 1919 876 1977 quidem
909 1919 1123 1965 subtiliter
1154 1920 1406 1979 exponendo
1439 1921 1493 1968 de

106 2001 260 2045 studiis
307 1999 505 2045 oratoriis
550 1998 825 2043 emendandis
867 2000 1025 2042 meruit
1064 2000 1239 2055 optime.
1302 1999 1414 2043 Nam
1453 2001 1491 2043 si

104 2079 193 2125 ulla
223 2093 285 2137 re,
318 2077 559 2136 eloquentia
589 2076 664 2121 illa
695 2079 835 2121 aetate
869 2090 918 2121 eo
948 2076 1070 2121 foede
1102 2079 1196 2121 erat
1216 2080 1420 2135 corrupta
1439 2090 1491 2122 ac

105 2159 359 2216 depravata,
407 2156 519 2213 quod
565 2155 782 2213 plerique,
829 2155 902 2212 qui
948 2158 1050 2199 tunc
1095 2169 1140 2199 se
1178 2155 1492 2213 profitebantur

104 2240 310 2293 oratores,
343 2235 500 2293 quippe
532 2234 713 2292 profecti
745 2248 771 2277 a
802 2233 1021 2291 sophistis,
1052 2234 1126 2289 qui
1155 2237 1328 2290 praeter
1348 2235 1491 2291 ipsam

104 2315 362 2360 rhetoricam
399 2313 572 2358 omnino
609 2312 717 2357 nihil
748 2311 997 2357 discendum
1028 2325 1121 2356 esse
1152 2312 1313 2356 oratori
1343 2312 1490 2358 futuro

178 2505 223 2552 ²⁹)
263 2504 306 2542 P.
323 2503 395 2541 269
415 2505 466 2541 D.
498 2507 531 2543 εἰ
558 2506 627 2555 μέν
654 2516 710 2542 σοι
740 2503 892 2555 ὑπάρχει
925 2504 1034 2552 φύσει
1066 2504 1240 2555 ῥητορικῷ
1271 2506 1385 2549 εἶναι,
1417 2506 1490 2542 ἔσει

104 2573 219 2621 ῥήτωρ
238 2573 433 2618 ἐλλόγιμος.
452 2571 665 2618 προσλαβών
685 2572 871 2618 ἐπιστήμην
889 2583 923 2606 τε
943 2571 1006 2607 καὶ
1023 2572 1180 2618 μελέτην,
1203 2571 1271 2609 ubi
1289 2571 1362 2608 tria
1380 2570 1489 2616 quasi

104 2636 349 2675 fundamenta
361 2634 453 2673 facit
467 2635 720 2683 eloquentiae:
733 2638 917 2683 naturam,
931 2635 1153 2685 doctrinam,
1167 2635 1488 2676 exercitationem.
