1799 3119
921 151 982 215 20
1043 212 1060 214 a*

343 269 483 329 Plato,
514 273 563 314 ut
593 269 646 314 de
676 270 874 327 materia,
906 270 969 313 ita
999 269 1052 313 de
1073 270 1118 314 vi
1150 272 1193 314 et
1221 271 1377 313 natura
1402 268 1643 314 rhetoricae

251 351 297 394 in
328 350 464 407 priori
495 349 678 405 dialogi,
711 349 784 405 qui
816 346 997 402 Gorgias
1028 348 1302 404 inscribitur,
1333 350 1457 405 parte
1491 347 1642 392 Socra-

251 430 338 472 tem
380 430 424 473 et
464 427 699 485 sophistam
744 426 849 471 facit
887 425 1159 470 disserentes.
1222 425 1394 471 Etenim
1437 426 1539 482 quia
1574 425 1643 470 hic

254 507 427 563 quidem
458 507 503 549 in
535 505 827 562 disputatione
859 505 912 548 de
942 504 1181 549 rhetoricae
1212 505 1396 549 materia
1426 504 1641 561 instituta,

251 589 302 629 ut
339 598 467 643 saepe
504 597 577 641 ea,
618 597 727 641 quae
759 584 1022 638 interrogata
1054 586 1177 640 sunt,
1217 597 1372 641 pamm
1403 586 1547 640 curat,
1587 582 1640 626 ad

251 663 485 718 gloriosam
516 649 623 705 artis
655 675 757 705 suae
787 661 1079 705 laudationem
1106 662 1321 706 aberravit
1342 675 1392 706 ac
1412 661 1642 706 declinavit

251 740 319 798 (p.
342 741 429 785 451
445 741 503 784 D.
536 744 580 785 et
610 740 812 797 452D.)‚
854 739 1050 785 Socrates
1090 743 1134 785 et
1169 740 1265 798 ipse
1301 740 1522 798 paulisper
1551 753 1643 784 rem

250 818 519 877 propositam
560 818 789 876 relinquit,
835 831 1047 875 quamque
1078 818 1150 862 ille
1183 817 1412 863 admiscuit
1443 817 1496 862 de
1529 817 1570 862 vi
1601 821 1643 861 et

250 897 411 941 virtute
442 897 680 941 rhetoricae
713 896 1005 954 quaestionem
1040 899 1240 941 excutere
1269 896 1423 954 coepit.
1466 895 1532 940 Ac
1552 895 1642 954 pri-

250 987 369 1019 mum
403 974 576 1032 quidem
609 977 837 1032 postquam
870 974 1191 1031 interrogando,
1224 987 1308 1032 qua
1337 974 1383 1018 in
1408 988 1456 1019 re
1476 976 1642 1018 tantam

249 1053 370 1098 illam
403 1054 506 1110 vim,
539 1056 745 1111 quantam
777 1053 831 1098 de
862 1057 954 1098 arte
977 1068 1055 1098 sua
1075 1054 1309 1112 praedicet,
1340 1053 1527 1111 positam
1548 1066 1642 1098 esse

248 1135 436 1190 censeat,
470 1132 688 1190 sophistae
708 1132 755 1176 id
777 1133 1006 1190 expressit,
1036 1136 1086 1177 ut
1105 1137 1284 1191 propter
1303 1132 1641 1191 persuasionem,

251 1224 380 1268 quam
420 1210 603 1268 efficiat,
646 1217 862 1256 oratorem
899 1215 1068 1256 tantum
1099 1212 1242 1256 valere
1271 1212 1479 1268 fateatur,
1518 1212 1640 1254 illum

249 1289 350 1334 inde
382 1289 428 1333 in
461 1303 512 1334 ea
536 1290 750 1334 sententia
771 1303 864 1335 esse
886 1290 1000 1346 cogit
1021 1288 1282 1348 colligitque,
1314 1292 1363 1334 ut
1382 1288 1639 1335 rhetoricam

248 1381 342 1412 esse
363 1367 652 1425 persuadendi
674 1368 870 1425 opificem
894 1368 1101 1422 (πειθοῦς
1125 1365 1405 1425 δημιουργὸν)
1423 1368 1641 1412 existimet

248 1444 317 1504 (p.
340 1446 430 1491 453
443 1445 533 1502 Α.).
596 1444 801 1491 Affirmat
847 1444 928 1491 hoc
965 1443 1161 1503 Gorgias.
1232 1445 1400 1491 Deinde
1441 1444 1639 1492 Socrates

249 1525 399 1582 paucis
440 1525 660 1570 evidenter
702 1525 991 1581 demonstrat,
1029 1525 1092 1568 ita
1127 1524 1385 1569 rhetoricam
1416 1538 1502 1569 non
1534 1525 1638 1569 satis

251 1603 416 1649 secerni
449 1603 503 1648 ab
525 1603 622 1648 aliis
645 1603 830 1658 artibus3
862 1603 1122 1662 persuadere
1143 1603 1257 1648 enim
1277 1617 1638 1662 unumquemque,

249 1683 323 1739 qui
354 1682 525 1736 doceat3
559 1695 706 1726 omnes
737 1682 872 1737 igitur
896 1686 1027 1739 artes,
1060 1695 1168 1739 quae
1190 1682 1294 1739 quid
1316 1683 1509 1740 doceant,
1539 1696 1638 1741 per-

248 1760 459 1804 suadendi
506 1759 679 1817 opifices
727 1760 811 1803 dici
850 1773 991 1817 posse.
1063 1759 1157 1812 Qua
1194 1760 1247 1804 de
1288 1773 1417 1805 causa
1456 1762 1637 1818 quaerit,

250 1838 389 1896 qualis
411 1839 469 1883 sit
488 1838 728 1896 persuasio,
751 1851 880 1895 quam
902 1837 1059 1883 efficiat
1079 1838 1292 1883 rhetorica
1300 1836 1344 1894 ⁴).
1393 1838 1639 1898 Respondet

246 1917 344 1975 ille,
382 1917 640 1962 rhetoricam
679 1917 771 1962 eius
801 1917 1094 1975 persuasionis
1126 1930 1220 1963 esse
1253 1921 1412 1975 artem,
1452 1931 1560 1975 quae
1591 1918 1636 1962 in

247 1996 419 2041 iudiciis
460 1999 503 2041 et
541 1995 637 2041 aliis
674 1988 896 2041 hominum
936 1996 1127 2041 coetibus
1166 2000 1318 2053 regnet
1355 1996 1421 2055 (p.
1444 1996 1534 2041 454
1547 1995 1635 2053 Β.).

249 2074 410 2127 Quibus
443 2087 497 2120 ex
518 2075 660 2120 verbis
682 2075 881 2120 Socrates
912 2075 1173 2132 intelligenS,
1206 2075 1441 2133 sophistam
1473 2088 1635 2133 nequa-

249 2167 377 2210 quam
416 2154 521 2199 satis
560 2153 684 2198 firme
723 2157 799 2198 aut
837 2153 965 2211 plane
1000 2168 1092 2199 rem
1125 2153 1280 2199 habere
1311 2155 1453 2199 animo
1485 2167 1634 2200 conce-

248 2234 389 2289 ptam,
428 2233 483 2276 ad
515 2232 582 2288 id,
618 2232 730 2288 quod
762 2233 1021 2290 respondere
1052 2233 1226 2290 debeat,
1259 2246 1357 2277 eum
1389 2232 1562 2277 adducit
1593 2237 1636 2277 et

249 2309 397 2366 dirigit
427 2312 536 2357 hanc
556 2311 672 2356 viam
704 2311 999 2369 rationemque
1030 2311 1295 2368 ingrediens:
1328 2326 1536 2369 apparere
1558 2312 1633 2369 ait,

320 2490 351 2535 ⁴)
378 2489 519 2527 Omitto
539 2489 600 2527 hic
619 2500 674 2538 ea,
695 2501 792 2538 quae
805 2490 853 2530 de
871 2490 1081 2531 rhetoricae
1095 2492 1251 2531 materia
1262 2490 1500 2539 adiiciuntur,
1514 2502 1632 2539 quon-

246 2555 322 2593 iam
349 2555 397 2594 de
423 2554 495 2593 hac
521 2565 561 2593 re
587 2567 700 2603 supra
724 2557 869 2596 dictum
894 2561 963 2596 est.
