1799 3119
876 192 1002 258 14-

203 312 333 371 tubus
369 312 578 359 faciendis
614 314 692 361 aut
730 312 782 358 de
821 311 1047 361 navalibus
1086 312 1415 372 constituendis,
1453 326 1592 371 neque

204 395 287 437 aut·
318 392 372 437 de
410 393 678 439 exercituum
716 392 898 438 ducibus
938 392 1133 439 creandis
1164 395 1240 437 aut
1270 391 1322 437 de
1352 392 1591 443 rationibus

203 471 418 517 bellorum
455 471 745 518 describendis
783 474 859 515 aut
897 470 951 515 de
986 470 1093 517 locis
1123 471 1302 520 munitis
1334 471 1591 529 occupandis

205 553 420 594 oratorem
459 563 552 594 esse
594 550 869 596 audiendum.
931 549 1030 608 Ipse
1066 553 1212 595 tamen
1226 585 1238 607 ,
1275 551 1320 597 id
1353 549 1465 607 quod
1496 550 1593 607 ipsa

204 629 338 675 verba
375 629 553 686 docent,
593 629 722 688 plane
754 629 885 678 aliter
917 628 1120 674 iudicavit
1149 642 1383 687 omnesque
1413 629 1491 673 has
1522 642 1592 679 res

205 708 523 753 diversissimas
562 708 724 752 oratori
764 707 933 753 dicendi
971 708 1199 754 materiam
1235 721 1330 755 esse
1358 721 1485 765 posse
1502 721 1592 752 ,ex-

204 785 429 831 istimavit.
475 785 670 843 Accedit,
702 786 817 843 quod
836 785 975 843 Plato,
1005 788 1056 830 ut
1085 785 1199 830 infra
1228 785 1366 830 fusius
1397 789 1441 831 et
1465 785 1594 837 latius

206 877 487 922 exponemus,
513 865 559 909 in
581 865 718 909 tribus
740 865 912 909 omnino
936 865 1088 911 statuit
1108 864 1426 921 quaestionibus
1448 878 1595 912 omnes

206 943 421 987 orationes
452 956 546 988 esse
577 946 828 1002 occupatas:
857 947 936 987 aut
966 943 1099 988 enim
1113 942 1165 987 de
1189 942 1303 987 iusto
1326 946 1402 991 aut
1421 943 1475 988 de
1496 943 1593 989 utili

206 1024 281 1065 aut
319 1021 372 1068 de
409 1021 590 1066 honesto
633 1022 794 1066 oratori
825 1022 957 1072 verba
995 1021 1193 1066 facienda
1224 1034 1318 1066 esse
1348 1022 1593 1078 unicuique,

206 1112 483 1156 quaecunque
505 1101 562 1154 sit
583 1113 711 1147 causa
732 1100 911 1155 agenda.
950 1099 1064 1152 Quid
1083 1113 1202 1155 vero,
1230 1113 1403 1156 quaeso,
1423 1103 1595 1156 praeter

204 1191 275 1221 res
305 1177 361 1221 ad
391 1176 589 1222 definitas
621 1181 736 1222 artes
769 1181 1011 1236 spectantes
1042 1178 1226 1222 inveniri
1257 1181 1333 1221 aut
1360 1177 1596 1233 excogitari

207 1256 379 1301 omnino
426 1256 586 1313 possit,
634 1256 737 1312 quin
770 1269 915 1302 *unam
963 1256 1150 1313 aliquam
1198 1269 1252 1300 ex
1288 1255 1356 1304 his
1395 1256 1596 1306 admittat

207 1334 559 1393 quaestionibus?
604 1334 769 1381 Auctor
800 1337 866 1380 est
886 1334 1158 1392 Aristoteles,
1191 1335 1264 1392 qui
1295 1348 1393 1381 cum
1423 1338 1596 1393 praeter

206 1414 364 1461 artium
404 1413 570 1471 studia,
615 1413 661 1458 id
701 1413 814 1471 quod
853 1426 986 1471 supra
1027 1413 1315 1470 ostendimus,
1361 1413 1471 1464 nihil
1508 1426 1595 1458 non

206 1493 439 1537 arbitretur
469 1492 514 1535 in
544 1492 731 1536 oratoris
764 1491 951 1543 officium
982 1505 1110 1549 posse
1134 1492 1301 1548 cadere,
1333 1495 1478 1537 tamen
1500 1505 1594 1536 eos-

207 1570 306 1615 dem
346 1570 466 1627 illos,
508 1583 614 1627 quos
644 1568 768 1616 Plato
801 1570 974 1626 statuit,
1012 1569 1120 1615 fines
1153 1570 1301 1628 (τέλη)
1333 1570 1595 1618 orationibus

207 1649 406 1694 omnibus
438 1649 684 1707 propositos
714 1660 809 1693 esse
842 1648 978 1697 docet.
1028 1648 1132 1701 Quis
1152 1649 1287 1705 igitur
1308 1652 1388 1705 est,
1420 1648 1488 1693 cui
1507 1662 1596 1693 non

206 1730 345 1774 omnis
385 1729 437 1773 de
474 1728 667 1772 Platonis
707 1728 921 1772 sententia
959 1729 1174 1773 eximatur
1212 1742 1263 1773 ac
1299 1728 1477 1773 tollatur
1516 1729 1594 1772 du-

205 1807 385 1854 bitatio?
425 1806 693 1854 Firmissime
733 1806 973 1853 asseverari
1013 1809 1179 1865 potest,
1217 1806 1264 1856 in
1299 1805 1382 1855 hac
1418 1820 1464 1851 re
1496 1819 1595 1852 eum

204 1887 333 1946 plane
379 1900 477 1931 cum
517 1885 751 1931 Aristotele
798 1886 1051 1932 consentire.
1116 1885 1489 1944 Supervacaneum
1530 1889 1596 1932 est

204 1978 556 2022 commemorare,
589 1964 902 2017 Quintilianum
932 1978 1019 2010 non
1049 1964 1176 2009 aliter
1197 1978 1247 2012 ac
1267 1979 1345 2009 nos
1366 1965 1594 2021 iudicasse,

205 2046 463 2102 praesertim
495 2058 593 2088 cum
618 2037 780 2100 eorum,
813 2058 922 2101 quae
944 2043 1085 2101 affert,
1116 2047 1465 2100 argumentorum
1487 2043 1594 2088 alte-

205 2136 300 2166 rum
334 2136 511 2181 prorsus
543 2121 763 2167 infirmum
795 2123 875 2179 sit,
911 2136 966 2167 ne
995 2123 1137 2166 dicam
1169 2123 1379 2180 ineptum,
1410 2121 1594 2171 alterum

138 2212 140 2214 ·
204 2201 347 2246 verbis
379 2200 572 2247 Platonis
611 2214 698 2246 non
739 2201 844 2245 satis
881 2203 996 2246 recte
1032 2200 1262 2247 intellectis
1294 2204 1337 2245 et
1369 2200 1593 2258 explicatis

206 2281 369 2326 nitatur
377 2278 424 2336 ³).
482 2280 680 2337 Denique
712 2280 898 2338 accedit,
934 2280 1063 2338 quod,
1095 2281 1169 2338 qui
1200 2281 1391 2339 opinioni
1421 2283 1593 2325 nostrae

279 2404 310 2450 ⁸)
354 2404 449 2442 Sunt
481 2406 703 2451 Quintiliani
741 2405 780 2444 in
820 2406 988 2444 Institut.
1014 2405 1158 2444 Orator.
1190 2404 1273 2449 libr.
1291 2405 1340 2443 ΙΙ.
1367 2417 1401 2443 c.
1417 2407 1476 2443 21.
1507 2409 1540 2451 ξ.
1556 2406 1593 2444 4.

204 2468 323 2510 verba
346 2469 457 2508 haec:
485 2472 587 2520 ‘Ego
614 2475 752 2520 (neque
777 2473 817 2510 id
842 2474 923 2511 sine
940 2472 1174 2518 auctoribus)
1199 2472 1393 2510 materiam
1410 2482 1494 2510 esse
1512 2472 1594 2510 rhe-

205 2538 345 2577 torices
371 2536 497 2575 iudico
523 2550 653 2576 omnes
678 2550 750 2586 res,
777 2550 1024 2586 quaecunque
1048 2540 1085 2577 ei
1109 2539 1159 2576 ad
1181 2540 1382 2576 dicendum
1402 2539 1594 2577 subiectae

205 2605 293 2645 sint.
331 2604 427 2644 Nam
452 2603 624 2643 Socrates
648 2605 749 2652 apud
775 2605 971 2645 Platonem
996 2606 1123 2645 dicere
1141 2606 1304 2654 Gorgiae
1328 2606 1490 2652 videtur,
1517 2616 1592 2643 non
