1799 3119
0 1037 7 1150 -ms-—vm-
0 816 10 1027 *ww-›-

4 2129 18 2458 vmijtu-ncstamtstumv
10 2095 15 2114 ’ἢ
6 2064 14 2081 ³⁴

904 251 930 295 5

226 377 374 433 illum,
411 384 513 439 quo-y
526 373 657 438 digna
687 376 774 432 est,
811 373 1016 421 honorem
1048 374 1334 420 revocaretur.
1399 371 1611 426 Quemad-

225 455 399 504 modum
439 456 553 503 enim
585 453 781 500 Socrates
820 454 1196 513 perniciosissimis
1237 452 1527 511 sophistarum
1563 453 1610 499 in

225 534 496 593 philosophia
525 533 735 597 institutis
768 535 890 592 quasi
908 534 1073 579 molem
1094 537 1138 578 et
1157 546 1360 591 aggerem
1381 532 1609 590 obiecerat,

227 614 289 658 sic
318 614 433 658 haud
462 614 525 658 ita
554 613 690 658 multo
710 617 809 671 post
827 612 966 670 Plato,
999 612 1314 657 Socraticorum
1335 612 1463 667 longe
1482 624 1610 669 prae-

225 692 503 749 clarissimuS,
535 691 800 749 eloquentiae
832 691 886 737 ad
916 692 1089 737 inanem
1120 692 1348 737 verborum
1379 691 1610 748 strepitum

225 771 453 829 depressae
484 771 607 828 quasi
626 771 784 817 vindex
815 774 859 815 et
888 771 1003 814 ultor
1034 771 1214 814 exstitit.
1262 769 1344 821 Qui
1369 770 1609 815 rhetoricae

223 848 312 893 vim
344 862 394 893 ac
423 852 623 894 naturam
653 862 751 893 cum
781 848 890 893 bene
920 847 1098 892 haberet
1118 851 1403 906 perspectam,
1435 862 1489 894 ex
1508 848 1608 893 rhe-

223 927 388 973 toribus
425 930 469 971 et
507 928 735 986 sophistis,
777 928 850 984 qui
887 940 1021 984 usque
1054 927 1109 971 ad
1139 927 1185 971 id
1215 930 1388 984 tempus
1420 929 1534 971 artes
1566 930 1610 971 et

222 1009 453 1066 praecepta
483 1007 840 1066 conscripserant,
870 1020 924 1052 ne
955 1020 1089 1051 unum
1122 1006 1294 1063 quidem
1326 1006 1494 1051 muneri
1516 1019 1542 1049 a
1563 1019 1609 1049 se

225 1088 421 1143 suscepto
460 1086 659 1141 cognovit
697 1085 968 1131 satisfecisse.
1031 1084 1181 1142 Itaque
1211 1084 1401 1142 primum
1433 1084 1608 1141 quidem

221 1162 441 1208 levitatem
473 1166 517 1208 et
545 1163 864 1220 negligentiam,
897 1177 1080 1221 quacum
1111 1164 1157 1207 in
1178 1163 1258 1208 hac
1278 1177 1326 1208 re
1347 1163 1605 1219 gravissima

223 1242 382 1287 versati
423 1246 568 1300 erant,
606 1242 823 1287 liberrime
863 1243 1029 1287 notavit
1066 1256 1285 1300 nugasque
1323 1246 1367 1287 et
1403 1242 1605 1301 ineptias,

223 1321 278 1365 ad
324 1335 430 1378 quas
468 1335 615 1365 veram
656 1324 856 1379 putantes
896 1325 1033 1365 artem
1074 1334 1168 1365 sese
1206 1321 1445 1365 consectari
1481 1321 1607 1373 multi

222 1399 546 1456 aberraverant,
577 1399 850 1448 acerbissime
881 1400 1147 1458 perstrinxit.
1202 1398 1369 1444 Deinde
1400 1400 1482 1443 etsi
1514 1399 1606 1457 ple—

221 1490 321 1522 nam
353 1480 396 1522 et
426 1480 668 1522 accuratam
700 1491 955 1536 componere
986 1481 1122 1530 artem
1155 1491 1241 1523 non
1274 1491 1399 1524 suum
1423 1478 1606 1536 putabat

222 1569 330 1612 esse,
360 1555 405 1599 id
436 1559 581 1600 tamen
613 1556 694 1601 sibi
723 1556 965 1602 faciendum
990 1557 1171 1613 censuit,
1203 1559 1252 1601 ut
1272 1556 1394 1613 quasi
1416 1557 1603 1614 speciem

220 1633 458 1678 rhetoricae
489 1633 763 1679 adumbraret
793 1637 837 1679 et
866 1638 1067 1679 naturam
1098 1635 1190 1679 eius
1214 1635 1510 1692 rationemque
1530 1635 1604 1680 de-

221 1712 426 1757 scriberet
464 1715 528 1769 et,
565 1727 669 1758 vera
705 1714 887 1759 oratoris
919 1714 1072 1770 quibus
1104 1715 1149 1758 in
1180 1715 1307 1759 rebus
1339 1718 1606 1773 spectaretur

221 1804 308 1846 ars,
338 1791 486 1849 paucis
519 1795 765 1850 exponeret.
812 1791 872 1836 Et
903 1792 955 1836 de
986 1792 1053 1836 his
1087 1793 1258 1849 quidem
1284 1794 1480 1839 omnibus
1501 1780 1602 1852 par-

219 1869 299 1913 tim
329 1870 374 1914 in
398 1869 592 1914 Phaedro
622 1871 782 1929 partim
813 1871 859 1915 in
880 1869 1041 1927 Gorgia
1070 1875 1159 1916 tam
1190 1872 1424 1930 prudenter
1455 1873 1603 1931 dispu-

219 1948 329 1992 tavit
358 1951 531 2005 tamque
563 1950 668 1994 scite
699 1953 743 1994 et
772 1950 910 2008 perite
941 1950 1160 2009 iudicavit,
1193 1955 1242 1996 ut
1269 1952 1361 1996 sine
1382 1952 1527 2009 dubio,
1557 1953 1602 1998 id

220 2026 333 2083 quod
363 2026 614 2086 plerumque
645 2028 775 2073 nimis
806 2032 872 2073 est
902 2029 1158 2086 neglectum,
1191 2031 1244 2074 ad
1275 2030 1380 2076 haec
1407 2029 1600 2076 Platonis

220 2105 403 2163 scripta,
451 2120 707 2164 quamquam
746 2120 936 2151 summas
974 2111 1142 2152 tantum
1182 2123 1328 2155 rerum
1367 2110 1600 2165 attingunt,

218 2183 409 2228 melioris
440 2187 484 2228 et
515 2185 697 2229 sanioris
726 2185 964 2231 rhetoricae
995 2187 1114 2242 origo
1146 2188 1203 2231 sit
1232 2188 1470 2232 referenda.

310 2261 395 2306 Sed
432 2277 488 2307 ne
518 2264 747 2321 miremur,
786 2278 862 2309 cur
891 2265 1112 2315 nulladum
1142 2267 1217 2310 illo
1247 2270 1440 2324 tempore
1470 2267 1601 2324 plena

219 2354 268 2384 ac
304 2341 494 2399 perfecta
532 2342 578 2386 in
613 2342 750 2387 lucem
784 2344 994 2402 prodierit
1023 2345 1235 2390 institutio
1268 2345 1475 2402 oratoria,
1513 2360 1598 2391 non

218 2420 553 2466 obliviscendum
585 2426 665 2478 est,
697 2423 743 2466 in
774 2424 970 2468 omnibus
1002 2425 1166 2469 artibus
1198 2426 1259 2468 ita
1288 2425 1379 2468 fere
1409 2424 1519 2481 fieri,
1550 2430 1599 2469 ut

216 2498 374 2542 rationi
403 2513 522 2556 usus,
555 2513 641 2544 non
672 2502 770 2545 usui
800 2502 910 2546 ratio
942 2503 1179 2559 antecedat,
1210 2508 1253 2547 et
1284 2508 1377 2547 tum
1409 2504 1595 2561 demum,

216 2590 313 2621 cum
352 2576 425 2621 ille
461 2578 723 2635 aliquamdiu
754 2581 840 2624 iam
871 2580 982 2624 laete
1012 2580 1205 2625 floruerit
1235 2582 1475 2641 bonamque
1505 2585 1593 2626 fru-

216 2668 312 2712 gem
344 2655 505 2715 tulerit,
536 2657 646 2703 hanc
676 2672 881 2719 prospere
904 2661 1135 2720 procedere
1157 2662 1438 2721 subtiliusque
1458 2661 1594 2718 excoli
