1799 3119
839 189 896 234 32

175 311 351 366 guntur,
381 303 501 353 nulla
532 307 581 353 fit
610 310 787 367 mentio,
818 312 868 354 ut
897 309 1001 354 item
1035 309 1137 356 alibi
1169 324 1194 354 a
1226 310 1434 369 scriptore
1465 310 1561 357 illo-

173 401 271 430 rum
304 387 486 431 duorum
517 389 793 445 potissimum
816 389 926 432 ratio
957 388 1149 445 ducitur,
1188 389 1307 432 velut
1336 403 1378 446 p.
1406 392 1494 434 263
1508 391 1562 434 A.

173 467 215 509 τί
247 463 294 509 δ’
315 465 424 511 ὅταν
455 465 534 521 (τις
565 465 707 524 ὄνομα
739 466 855 530 εἴπῃ)
889 466 1063 511 δικαίου
1086 468 1114 525 ἢ
1134 463 1339 523 α’γαθοῦς
1370 466 1453 514 οὔκ
1474 466 1563 513 ἆλ-

174 543 254 595 λος
289 544 401 605 ἄλλῃ
433 547 632 602 φέρεται,
672 550 747 589 καὶ
777 542 1139 604 ἀμφισβητοῦμεν
1170 544 1389 605 ἀλλήλοιςμ
1410 563 1456 590 τε
1489 552 1563 591 καὶ

173 620 279 679 ἡμῖν
317 622 486 675 αὕτοῖςς
534 627 579 668 ct
622 638 666 682 p.
697 625 786 669 272
799 624 856 668 D.
898 624 1062 681 (φασὶν
1100 622 1143 667 οἱ
1192 624 1458 683 ρητορικοί),
1497 626 1563 669 ὅτι

174 698 309 744 οὐδὲν
348 699 568 758 ἀληθείας
606 704 800 757 μετέχειν
845 702 937 745 δέοι
970 702 1154 746 δικαίων
1184 704 1212 759 ἢ
1242 700 1434 756 α’γαθῶν
1465 706 1562 760 περὶ

173 779 459 835 πραγμάτων.
503 779 651 837 Neque
681 782 827 825 tamen
857 778 1028 824 Platoni
1058 780 1141 825 fuit
1171 780 1388 838 ignotum,
1429 782 1559 826 etiam

174 857 227 902 de
265 857 488 902 honestate
527 859 687 903 oratori
727 872 820 903 esse
852 859 1093 903 dicendum.
1147 858 1306 904 Exstat
1336 860 1450 905 enim
1483 860 1561 905 ali·
1588 885 1590 887 ·

122 977 125 980 ,
175 937 270 993 quis
301 938 347 980 in
379 936 540 992 Gorgia
570 937 689 982 locus
721 952 858 996 paene
890 938 969 983 sub
1000 938 1128 982 finem
1151 939 1394 995 sermonis,
1432 940 1504 996 qui
1537 953 1562 982 a

173 1011 351 1058 Socrate
397 1014 579 1060 habetur
618 1028 717 1059 cum
766 1016 959 1074 sophista
1001 1015 1067 1074 (p.
1097 1016 1187 1060 459
1199 1015 1305 1073 D.),
1346 1029 1429 1073 quo
1467 1016 1560 1061 loco

172 1095 262 1136 tres
292 1092 392 1136 illae
423 1093 620 1137 notiones
652 1093 870 1150 (ἔννοιαι),
903 1094 958 1138 ad
980 1107 1085 1150 quas
1108 1094 1297 1138 omnium
1320 1095 1561 1139 orationum

173 1184 387 1215 summam
417 1171 550 1216 refert
580 1171 850 1229 Aristoteles,
883 1185 969 1216 una
999 1175 1402 1216 commemorantur.
1457 1172 1560 1217 Ete-

172 1250 263 1292 nim
303 1252 533 1306 postquam
565 1248 747 1305 Gorgias
786 1250 1006 1307 professus
1045 1254 1133 1307 est,
1175 1251 1256 1295 sibi
1287 1251 1424 1294 videri
1464 1264 1560 1294 ora-

172 1330 334 1385 torem,
367 1328 538 1372 etiamsi
569 1330 809 1372 ceterarum
842 1328 1000 1372 artium
1031 1331 1177 1373 teneat
1206 1327 1370 1372 nullam
1383 1362 1396 1385 ,
1429 1328 1560 1373 soliu's

170 1405 410 1450 rhetoricae
450 1418 530 1463 ope
569 1418 825 1462 unaquaque
863 1406 916 1449 de
948 1420 995 1449 re
1025 1419 1153 1463 posse
1182 1406 1463 1463 probabiliter
1494 1407 1559 1451 di-

171 1498 290 1541 cere,
329 1483 528 1530 Socrates
561 1498 659 1529 eum
689 1484 951 1541 interrogat,
981 1487 1159 1542 putetne
1190 1484 1329 1542 idem,
1362 1484 1475 1542 quod
1507 1484 1559 1529 de

172 1563 326 1608 ceteris
367 1563 555 1620 artibus,
596 1563 649 1607 de
687 1563 801 1606 iusto
833 1566 877 1606 et
907 1563 1089 1619 iniusto,
1131 1563 1183 1607 de
1214 1563 1324 1607 bono
1357 1566 1401 1607 et
1430 1563 1559 1620 malo,

172 1641 225 1686 de
255 1641 434 1686 honesto
468 1645 511 1686 et
540 1641 658 1699 turpi
689 1654 816 1698 posse
848 1640 947 1697 dici,
979 1641 1040 1684 ita
1064 1643 1113 1685 ut
1136 1654 1191 1685 ne
1211 1641 1365 1686 horum
1387 1642 1558 1699 quidem

170 1720 435 1777 cognitione,
469 1720 542 1777 qui
574 1719 628 1763 ad
660 1719 919 1762 rhetoricam
950 1717 1218 1763 tractandam
1250 1720 1444 1776 accedat,
1475 1720 1557 1763 im-

170 1798 300 1843 butus
333 1811 427 1841 esse
458 1797 624 1841 debeat.
673 1796 817 1853 Quod,
851 1801 897 1840 ut
929 1801 1130 1854 apparet,
1162 1798 1346 1856 scriptor
1377 1811 1472 1842 eam
1504 1798 1557 1843 ob

172 1889 346 1919 causam
387 1889 413 1918 a
444 1874 620 1919 Socrate
662 1875 766 1918 facit
806 1875 975 1931 quaeri,
1016 1876 1129 1931 quod
1167 1876 1219 1919 de
1257 1876 1323 1920 his
1360 1868 1557 1921 omnibus

169 1954 302 1999 verba
342 1953 502 1998 oratori
534 1966 627 1998 esse
657 1953 853 1998 facienda
883 1952 1163 2010 intelligebat.
1210 1952 1370 1998 Verum
1402 1968 1456 1999 ne
1488 1968 1557 1998 so-

170 2033 340 2090 phistae
380 2033 551 2089 quidem
591 2033 694 2076 iusti
735 2037 777 2077 et
807 2034 908 2077 boni
940 2033 1260 2090 quaestionibus
1292 2036 1428 2077 artem
1462 2047 1556 2076 ora-

171 2111 325 2154 toriam
356 2110 522 2154 finitam
553 2114 834 2168 putaverant,
873 2112 919 2155 id
951 2111 1064 2168 quod
1094 2110 1195 2155 inde
1225 2113 1368 2168 potest
1398 2110 1556 2167 colligi,

173 2188 284 2245 quod
314 2188 437 2233 Plato
479 2200 619 2245 neque
656 2203 840 2246 usquam
877 2189 1060 2245 indicat,
1100 2202 1194 2233 sese
1233 2202 1287 2233 ex
1322 2188 1403 2232 hac
1433 2193 1555 2246 parte

172 2266 333 2323 aliquid
371 2268 417 2311 in
455 2267 676 2311 rhetorum
706 2267 828 2311 libris
861 2267 1126 2324 desiderare,
1165 2280 1303 2327 neque
1334 2267 1471 2310 fusius
1503 2268 1555 2312 de

171 2344 251 2389 hac
287 2360 334 2389 re
374 2345 585 2404 explicat,
626 2345 699 2389 sed
739 2348 783 2390 et
818 2346 864 2389 in
896 2344 1055 2402 Gorgia
1096 2348 1140 2390 et
1174 2345 1221 2389 in
1251 2344 1445 2389 Phaedro
1476 2359 1554 2403 pro

169 2423 364 2469 confesso
397 2428 439 2468 et
470 2424 691 2483 explorato
726 2425 870 2482 sumit,
901 2425 947 2469 in
967 2425 1107 2469 tribus
1127 2423 1215 2468 illis
1237 2423 1553 2480 quaestionibus

169 2516 343 2562 semper
372 2504 534 2547 versari
565 2503 836 2548 rhetoricam.

259 2582 351 2627 Iam
384 2595 485 2626 vero
527 2583 742 2641 sophistae
783 2595 879 2627 cum
918 2596 1129 2627 summam
1160 2579 1396 2626 rhetoricae
1427 2595 1552 2640 prae—
