1799 3119
859 200 910 243 11

195 322 413 375 σκευάζων
448 322 510 372 εἷς
539 320 775 378 ἐπιστήμας
807 317 1104 377 ὑποκειμένων
1132 320 1263 365 τινῶν
1294 317 1576 378 πραγμάτων,

196 405 239 447 et
266 401 301 459 I,
324 403 366 446 2.
388 416 432 461 p.
458 400 612 447 1358a
635 400 706 447 23.
740 399 827 463 ὅσῳ
857 417 921 454 τις
951 402 1010 446 ἄν
1038 399 1215 459 βέλτιον
1245 398 1470 458 ἓκλένηται
1499 398 1577 454 τὰς

195 482 271 535 (sc.
294 486 392 539 περὶ
423 485 610 525 ἕκαστον
631 482 747 534 εἶδος
768 484 843 524 καὶ
861 482 1003 536 γένος)
1025 480 1270 540 προτάσεις,
1303 478 1425 537 λήσει
1447 479 1576 537 ποιή-

195 568 276 612 σας
321 560 460 619 ἄλλην
506 559 744 619 ἐπιστήμην
791 561 863 619 τῆς
905 560 1174 619 διαλεκτικῆς
1211 563 1286 604 καὶ
1326 558 1574 618 ῥητορικῆς·

194 640 253 684 ἄν
281 638 367 697 γὰρ
398 638 557 701 ἐντύχῃ
588 635 758 696 ἀρχαῖς,
791 638 934 684 οὐκέτι
966 638 1211 696 διαλεκτικὴ
1241 637 1347 684 οὐδὲ
1373 636 1575 697 ῥητορικὴ

195 715 295 760 ἀλλ’
327 717 469 777 ἐκείνη
518 718 641 762 ἔσται
693 714 741 775 ἧς
791 716 880 773 ἔχει
929 716 1008 769 τὰς
1060 717 1214 776 ἀρχάς.
1272 717 1396 762 Adde
1447 716 1491 774 I,
1532 718 1573 761 2.

191 810 234 853 p.
257 798 370 841 1357
382 812 411 840 a
433 798 493 852 2.,
524 796 599 840 ubi
629 796 811 840 oratoris
842 808 998 840 munus
1029 797 1076 840 in
1105 796 1175 851 iis,
1208 796 1261 839 de
1282 796 1435 852 quibus
1460 799 1575 840 artes

191 887 277 918 non
308 873 554 930 habeamus,
584 873 773 932 positum
805 887 899 919 esse
930 874 1047 919 dicit.
1102 872 1188 918 Sed
1218 873 1324 918 haec
1353 873 1574 918 hactenus.

192 952 307 997 Satis
337 952 642 1009 intelleximus,
673 955 846 1010 praeter
870 966 939 997 res
961 953 1120 997 artium
1141 954 1356 996 certarum
1375 951 1575 1010 proprias

190 1031 468 1076 Aristotelem
498 1039 675 1089 prorsus
707 1032 851 1076 omnia
882 1032 1040 1076 oratori
1074 1031 1295 1076 subiicere.

281 1109 537 1154 Aristoteles
569 1110 622 1154 de
641 1111 822 1155 materia
842 1111 1080 1155 rhetoricae
1102 1110 1205 1168 quid
1228 1113 1404 1166 statuat,
1437 1122 1573 1167 quon-

191 1189 278 1232 iam
319 1189 617 1246 exposuimus,
656 1190 871 1246 sequitur,
912 1194 962 1233 ut
996 1203 1275 1247 quaeramus,
1317 1189 1420 1245 quid
1449 1187 1574 1232 Plato

192 1267 244 1311 de
284 1266 432 1311 eadem
470 1280 518 1311 re
557 1267 741 1312 sensisse
771 1267 981 1312 videatur.
1009 1259 1012 1263 ’
1039 1266 1222 1323 Gorgias
1253 1267 1300 1311 in
1328 1267 1463 1323 libro,
1502 1266 1576 1323 qui

190 1347 363 1390 nomine
401 1347 492 1390 eius
531 1346 801 1403 inscribitur,
840 1349 1069 1404 postquam
1102 1359 1195 1391 sese
1226 1346 1443 1390 rhetorem
1473 1359 1575 1403 pro-

190 1424 328 1468 fessus
359 1427 439 1481 est,
471 1424 726 1469 rhetoricam
757 1425 803 1468 in
835 1425 1090 1482 quibusnam
1121 1424 1249 1469 rebus
1278 1425 1441 1468 versari
1473 1437 1573 1468 cen-

191 1506 298 1559 seat,
330 1516 356 1547 a
388 1502 562 1548 Socrate
591 1500 881 1559 interrogatur
912 1503 972 1561 (p.
997 1504 1086 1548 449
1100 1503 1195 1559 D.).
1249 1502 1330 1547 Cui
1359 1503 1433 1547 ille
1464 1517 1572 1561 pau-

191 1581 391 1639 cissimis,
419 1574 468 1626 in
493 1582 754 1626 orationibus
775 1581 981 1626 habendis
1003 1595 1098 1626 eam
1118 1582 1297 1639 versari,
1328 1580 1572 1641 respondet.

137 1673 142 1677 ·
191 1659 313 1712 Quod
352 1661 567 1705 nullarum
606 1674 749 1705 rerum
783 1661 1022 1705 substantia
1053 1661 1218 1705 adiecta
1249 1662 1378 1705 nimis
1407 1661 1575 1706 infinite

191 1738 352 1783 dictum
385 1752 478 1783 esse
509 1739 582 1783 ubi
611 1738 808 1783 Socrates
839 1739 1025 1784 ostendit
1054 1739 1386 1796 postulavitque,
1417 1743 1467 1784 ut
1497 1739 1572 1783 ad-

192 1818 328 1875 deret,
352 1818 548 1875 qualibus
569 1810 615 1861 in
637 1819 900 1863 orationibus
920 1822 1168 1862 cerneretur
1187 1819 1415 1875 rhetorica,
1438 1832 1573 1876 quon-

190 1896 278 1939 iam
317 1896 464 1940 eadem
504 1897 699 1940 omnium-
727 1899 967 1941 ceterarum
998 1898 1157 1942 artium
1188 1900 1301 1942 esset
1330 1897 1464 1955 ratio,
1503 1900 1573 1943 ut-

190 1978 290 2032 pote
331 1988 440 2031 quae
480 1979 523 2018 et
552 1976 673 2032 ipsae
703 1975 756 2019 de
786 1976 841 2019 iis
872 1976 1021 2030 rebuS‚
1062 1989 1170 2031 quae
1202 1976 1255 2018 ad
1286 1977 1405 2032 ipsas
1436 1977 1572 2032 perti-

189 2055 364 2111 nerent,
398 2052 529 2098 verba
558 2052 761 2110 facerent,
794 2041 1005 2112 sophistes
1038 2066 1061 2097 a
1094 2053 1247 2098 ceteris
1280 2067 1403 2098 suam
1434 2057 1571 2102 artem

190 2131 271 2176 hoc
309 2132 370 2176 ait
406 2125 599 2189 differre,
639 2132 752 2190 quod
782 2132 880 2177 illae
912 2132 1143 2177 maximam
1174 2134 1343 2191 partem
1368 2122 1431 2176 >ad
1462 2147 1571 2191 opus

189 2209 431 2256 faciendum
464 2213 671 2269 spectent,
702 2211 806 2256 haec
836 2213 927 2256 tota
955 2215 998 2257 et
1018 2212 1218 2257 universa
1238 2212 1284 2256 in
1306 2212 1572 2258 orationibus

190 2293 397 2347 occupata
448 2290 658 2333 actionem
711 2301 880 2334 omnem
933 2295 1197 2349 aspernetur.
1261 2290 1345 2335 Sed
1390 2305 1447 2336 ne
1491 2292 1572 2336 hoc

190 2368 362 2424 quidem
393 2366 587 2413 sufficere
609 2367 806 2414 Socrates
837 2369 1102 2414 demonstrat
1132 2383 1226 2413 eam
1257 2368 1439 2414 afferens
1470 2383 1570 2414 cau-

191 2458 298 2502 sam,
331 2446 444 2503 quod
470 2446 586 2490 idem
607 2446 660 2491 de
680 2447 963 2502 arithmetica,
995 2447 1046 2491 de
1067 2447 1317 2505 geometria,
1349 2447 1402 2492 de
1422 2448 1569 2492 multis

191 2524 287 2569 aliis
317 2525 403 2569 dici
433 2525 607 2583 possit,
632 2538 812 2583 quarum
842 2525 916 2570 ille
948 2526 1040 2570 sine
1072 2526 1199 2571 dubio
1230 2527 1394 2571 nullam
1427 2527 1566 2571 rheto-

190 2603 303 2649 ricae
334 2603 506 2648 nomine
537 2604 595 2649 sit
624 2603 930 2663 appellaturus.
977 2604 1127 2665 Itaque
1147 2606 1262 2652 idem
1284 2606 1336 2651 de
1357 2605 1569 2652 rhetorica
