1799 3119
900 207 927 251 2

214 328 591 386 prosperrimoque
623 331 720 373 cum
754 341 952 373 successu
984 327 1119 385 culta,
1155 327 1370 387 perpolita
1401 329 1604 387 brevique

214 409 409 466 tempore
442 421 655 451 summam
688 408 742 452 ad
774 407 1080 467 perfectionem
1112 410 1177 452 est
1208 406 1405 452 adducta.
1458 407 1604 454 Primo

215 486 388 543 quidem
421 501 538 544 sane,
571 490 620 530 ut
650 487 697 531 in
727 486 979 532 inchoandis
1012 487 1209 532 omnibus
1240 486 1334 532 fieri
1365 486 1474 532 solet
1500 488 1604 532 arti-

213 565 310 622 bus,
343 569 535 610 oratores
556 565 740 611 Athenis
774 566 1032 611 exstiterunt
1063 565 1178 610 haud
1209 566 1271 611 ita
1295 566 1435 623 multi,
1466 580 1604 624 neque

213 644 279 687 illi
318 648 410 687 arte
449 647 525 688 aut
555 645 722 689 ratione
754 648 876 688 erant
906 644 1116 702 instituti,
1157 645 1231 689 sed
1263 645 1449 690 indolem
1481 658 1605 689 suam

213 723 519 781 ingeniumque
561 727 786 781 sequentes
826 723 1069 781 eloquentia
1106 723 1337 767 utebantur
1374 724 1523 768 innata
1562 726 1605 767 et

214 815 412 846 sermone
445 801 631 860 simplici
664 805 793 860 atque
824 802 1057 860 incompto,
1090 801 1165 846 sed
1189 802 1311 857 gravi
1333 816 1382 846 eo
1402 816 1605 847 nervoso-

214 893 296 938 que
329 883 372 924 et
392 880 437 925 vi
469 894 561 938 sua,
595 894 679 938 qua
710 880 974 925 audientium
996 879 1184 939 pellebat
1205 880 1386 939 animos,
1418 881 1604 939 admira-

212 958 304 1004 bili.
356 958 507 1017 Ne‘que
536 973 639 1004 vero
671 960 734 1004 iva
764 960 901 1005 multo
934 963 1033 1019 post
1063 971 1160 1003 cum
1191 958 1391 1018 populari
1421 946 1604 1019 imperio

212 1037 344 1084 latius
374 1038 508 1083 effuso
541 1039 677 1083 etiam
702 1040 929 1084 infer-iones
954 1038 1118 1083 *civium
1146 1039 1323 1083 ordines
1337 1038 1605 1096 reipublicae

213 1116 579 1162 administrandae
608 1117 712 1162 facti
740 1120 889 1164 essent
918 1117 1175 1175 participes,
1214 1131 1310 1162 non
1324 1117 1459 1164 ‘modo
1489 1118 1605 1164 vitae

211 1196 412 1252 forensis,
444 1209 598 1239 verum
623 1196 774 1252 etiam,
805 1196 851 1241 id
880 1196 996 1253 quod
1027 1196 1123 1247 fieri
1149 1208 1327 1240 necesse
1357 1200 1466 1253 crat,
1498 1197 1605 1239 artis

213 1274 426 1319 orastoriae
456 1274 598 1318 maius
630 1278 829 1318 exortum
863 1277 929 1318 cst
953 1274 1163 1319 studium.
1205 1274 1297 1319 Iam
1324 1275 1443 1324 enim
1469 1287 1604 1333 appa-

212 1352 316 1412 ruit,
349 1353 639 1411 cuiuscunque
670 1353 901 1399 intenesset
927 1354 1186 1399 auctor-*itate
1215 1354 1377 1412 aliquid
1406 1354 1455 1398 in
1474 1367 1603 1412 repu-

210 1432 329 1478 blica
337 1432 482 1477 valere
503 1432 866 1491 conspicuumque
889 1436 932 1477 et
952 1433 1211 1478 eminentem
1230 1431 1604 1490 consequi-losum,

212 1512 252 1556 ei
282 1511 332 1556 in-
358 1510 443 1557 hac
472 1514 582 1570 arte,
611 1512 774 1570 quiippe
804 1511 920 1569 quod
940 1511 1254 1557 validissimum
1286 1511 1460 1556 honoris
1488 1515 1604 1556 esset

214 1591 526 1647 adiumentum,
558 1603 772 1635 summam
802 1589 1062 1634 industriam
1086 1591 1407 1648 maximamque
1423 1602 1603 1648 operam

213 1682 308 1715 esse
340 1668 645 1715 collocandam.
686 1668 831 1722 Quare
864 1669 899 1714 si
932 1669 1028 1727 quis
1059 1669 1201 1714 minus
1233 1669 1345 1714 bona
1374 1669 1429 1714 ad
1456 1669 1603 1714 dicen-

211 1750 315 1793 dum
334 1750 573 1792 instructus
597 1752 690 1791 erat
710 1748 869 1804 indole,
892 1748 1009 1805 quod
1029 1751 1186 1792 natura
1204 1752 1453 1805 negaverat,
1475 1748 1603 1793 disci-

211 1827 333 1885 plina
350 1826 527 1885 explere
548 1826 760 1883 cupiebat.
794 1825 912 1878 Quae
933 1839 1032 1870 cum
1046 1826 1115 1870 ita
1132 1830 1293 1883 essent,
1314 1827 1426 1871 forte
1446 1828 1603 1883 evenit,

212 1909 262 1948 ut
281 1904 466 1961 Gorgias
486 1904 723 1948 Leontinus
754 1917 781 1947 a
802 1904 967 1949 civibus
988 1904 1078 1948 suis
1099 1903 1266 1961 legatus
1288 1904 1446 1950 missus
1466 1904 1602 1950 Athe-

211 1997 289 2028 nas
312 1984 478 2028 veniret
508 1983 654 2040 ibique
683 1983 965 2041 orationibus,
995 1997 1104 2041 quas
1136 1986 1178 2032 et
1206 1997 1285 2042 pro
1305 1983 1504 2033 contione
1523 1997 1602 2042 po-

210 2061 303 2121 puli
336 2065 379 2107 et
408 2062 454 2106 in
483 2062 667 2121 privatis
698 2061 920 2107 hominum
952 2062 1143 2108 coetibus
1174 2061 1373 2119 habebat,
1410 2062 1601 2107 omnium

213 2141 378 2186 animos
417 2141 647 2199 oculosque
685 2142 732 2185 in
772 2155 818 2185 se
857 2144 1137 2186 converteret.
1200 2139 1269 2184 Ex
1300 2140 1449 2185 Sicilia
1488 2141 1602 2185 enim

214 2219 418 2265 oriundus
431 2254 443 2277 ,
483 2219 558 2264 ubi
599 2218 868 2276 eloquentiae
907 2223 950 2264 et
986 2233 1091 2264 usus
1123 2222 1165 2263 et
1194 2220 1305 2264 ratio
1337 2220 1602 2276 aliquamdiu

211 2297 299 2341 iam
337 2297 539 2355 florebat,
579 2297 749 2342 dicendi
787 2297 893 2341 adeo
925 2301 1018 2342 erat
1047 2297 1237 2356 peritus,
1275 2301 1326 2342 ut
1356 2298 1411 2342 ad
1443 2298 1602 2355 omnia,

213 2376 267 2421 de
307 2377 459 2435 quibus
501 2377 682 2435 quisque
721 2377 870 2421 audire
902 2377 1093 2435 volebat,
1132 2381 1310 2435 paratus
1349 2377 1520 2435 copiose
1556 2380 1602 2422 et

210 2455 431 2511 eleganter
461 2456 514 2501 de
545 2456 736 2514 qualibet
766 2469 813 2501 re
843 2456 1068 2515 proposita
1099 2456 1273 2501 diceret.
1327 2455 1438 2509 Quid
1468 2455 1602 2512 igitur

210 2536 388 2592 mirum,
416 2535 533 2592 quod
555 2535 901 2594 Atheniensium,
933 2537 1092 2594 quippe
1124 2535 1197 2592 qui
1228 2535 1296 2579 his
1328 2535 1483 2579 studiis
1513 2534 1601 2578 iam

210 2613 356 2660 favere
388 2613 651 2672 coepissent,
692 2628 906 2660 summam
934 2614 1060 2660 facile
1090 2614 1227 2661 movit
1258 2613 1600 2671 admirationem,
