1799 3119
881 234 941 277 36

214 368 284 400 res
317 354 469 401 dubias
501 353 731 399 definiendi
763 357 806 399 et
837 354 982 399 omnia
1012 357 1178 400 certum
1200 355 1248 401 in
1268 354 1462 401 ordinem
1482 355 1597 402 redi-

213 435 363 492 gendi,
404 434 592 479 declarat
630 433 830 492 deinceps
871 432 946 491 (p.·
968 433 1278 491 affin—E.)
1321 447 1419 480 eum
1461 435 1599 480 solum

211 527 340 571 posse
373 513 633 569 satisfacere,
666 512 740 569 qui
772 512 880 556 sciat
904 514 947 556 et
970 525 1040 556 res
1061 512 1341 557 multifariam
1362 512 1597 557 disiunctas

212 604 264 635 ac
295 591 511 649 dispersas
531 590 588 635 ad
607 604 740 635 unam
760 591 978 635 notionem
998 590 1242 647 generalem
1261 592 1422 636 referre
1442 605 1597 635 unum-

212 683 294 727 que
332 670 379 713 in
417 683 552 726 genus
589 669 813 726 colligere,
853 672 897 714 et
926 671 1076 714 contra
1107 682 1241 725 genus
1272 671 1521 718 universum
1550 669 1597 714 in

184 780 187 782 -
210 748 374 806 species
407 761 507 793 suas
540 748 629 792 sive
659 747 842 806 formas,
879 750 930 792 ut
959 747 1078 793 nulla
1107 761 1246 806 neque
1275 749 1595 807 praetermitta-

207 830 281 871 tur
316 840 456 885 neque
491 826 724 885 redundet,
764 826 997 872 dissolvere
1028 829 1071 872 et
1101 830 1307 885 tanquam
1337 828 1596 873 articulatim

208 906 365 964 partiri
397 919 448 950 ac
478 906 668 950 dividere
700 905 779 960 (cf.
805 919 848 963 p.
873 906 960 950 273
971 905 1061 961 Ε.).
1123 906 1204 949 His
1235 909 1380 951 autem
1410 907 1456 950 in
1495 920 1595 951 con—

209 983 481 1029 ductionibus
514 986 557 1028 et
589 983 869 1029 divisionibus
882 1018 894 1042 ,
936 996 1044 1041 quae
1075 983 1131 1028 ad
1161 983 1436 1041 cogitandum
1467 987 1510 1028 et
1540 983 1594 1028 ad

207 1062 436 1106 dicendum
490 1076 624 1119 aeque
680 1063 766 1106 sint
818 1063 1086 1107 necessariae
1137 1061 1202 1117 (v.
1231 1076 1275 1121 p.
1305 1064 1393 1107 266
1403 1062 1462 1107 B.
1501 1066 1595 1106 ΣΩ.

207 1140 389 1185 Τούτων
436 1139 491 1199 δὴ
528 1139 664 1196 ἔγωγε
702 1137 838 1193 αὕτός
875 1158 924 1185 τε.
960 1140 1161 1199 ἐραστής,
1209 1138 1245 1184 ὦ
1284 1141 1467 1200 Φαῖδρε,
1507 1141 1595 1184 τῶν

207 1219 464 1276 διαιρέσεων
496 1223 570 1262 καὶ
602 1220 886 1274 συναγωγῶν,
918 1217 978 1262 ἶν’
1006 1217 1099 1270 οἷός
1129 1235 1175 1261 τε
1206 1216 1242 1261 ὦ
1272 1218 1414 1272 λέγειν
1442 1234 1489 1262 τε
1521 1222 1595 1261 καὶ

207 1297 425 1355 φρονεῖν),
458 1300 596 1342 artem
628 1297 745 1342 cerni
777 1310 887 1355 eam,
920 1310 1028 1355 quae
1056 1294 1303 1342 dialecticae
1322 1296 1495 1342 nomine
1517 1310 1593 1355 ap-

203 1375 414 1433 pelletur,
455 1376 631 1434 eiusque
662 1390 821 1432 gnarus
854 1376 911 1420 sit
942 1389 992 1421 ac
1021 1376 1209 1434 peritus,
1242 1375 1315 1433 qui
1347 1389 1432 1433 qua
1461 1376 1514 1420 de
1544 1389 1593 1420 re

203 1454 335 1499 verba
355 1453 462 1499 velit
491 1455 648 1512 facere,
680 1454 786 1499 adeo
817 1467 993 1499 necesse
1015 1467 1123 1511 esse,
1154 1456 1204 1497 ut
1224 1453 1452 1511 rhetorica,
1485 1467 1593 1511 quae

203 1532 279 1574 illa
311 1533 369 1575 sit
399 1533 619 1588 destituta,
653 1532 792 1576 omnis
822 1532 995 1576 omnino
1017 1532 1122 1575 artis
1145 1545 1300 1588 expers
1322 1532 1379 1575 sit
1398 1531 1593 1576 habenda

206 1609 274 1666 (p.
299 1609 457 1654 266D.
490 1611 579 1654 273
592 1609 681 1664 Et).

293 1686 413 1731 Haec
441 1686 563 1730 Plato
597 1686 650 1731 de
683 1685 919 1730 dialectica.
965 1685 1033 1730 Ac
1065 1687 1102 1730 si
1133 1699 1387 1744 unaquaque
1418 1687 1464 1731 in
1495 1700 1590 1731 ora-

201 1767 334 1823 tione,
365 1766 411 1810 id
443 1766 557 1823 quod
586 1766 660 1810 ille
691 1766 960 1810 demonstrat
988 1779 1127 1823 neque
1157 1766 1383 1823 quisquam
1402 1765 1590 1822 negabit,

203 1836 485 1902 dispositione
517 1857 625 1902 opus
658 1846 738 1901 est,
773 1843 1015 1901 omniaque,
1048 1857 1156 1901 quae
1188 1847 1289 1889 sunt
1319 1843 1514 1901 dicenda,
1544 1844 1591 1888 in

202 1922 397 1967 ordinem
436 1925 538 1966 sunt
578 1922 834 1979 digerenda,
875 1922 989 1979 eius,
1028 1922 1102 1979 qui
1141 1922 1195 1966 ad
1239 1922 1466 1967 dicendum
1496 1921 1591 1966 vult

199 2002 447 2058 instituere,
488 2004 603 2045 certe
641 2004 708 2050 ost
737 2000 932 2057 tradere,
973 2000 1183 2058 quomodo
1215 2000 1296 2045 hoc
1324 1999 1401 2045 fiat
1431 2000 1589 2057 ubique

202 2079 387 2137 quidque
418 2080 465 2123 in
496 2080 689 2124 oratione
721 2080 777 2124 sit
810 2079 1116 2124 collocandum.
1162 2077 1272 2123 Esse
1301 2077 1382 2123 hoc
1404 2077 1588 2122 rhetoris

201 2157 408 2214 officium,
448 2158 705 2202 Aristoteles
745 2158 906 2201 fatetur
935 2157 1059 2201 initio
1090 2156 1190 2201 libri
1219 2156 1361 2214 tertii,
1398 2156 1473 2201 ubi
1503 2156 1588 2200 tria

202 2237 374 2280 omnino
414 2237 475 2279 ait
512 2236 558 2279 in
598 2238 690 2279 arte
730 2234 944 2279 rhetorica
986 2248 1079 2280 esse
1113 2235 1359 2293 tractanda,
1397 2234 1586 2293 primum

200 2313 313 2357 unde
343 2313 619 2372 probationes
652 2312 930 2358 arcessendae
962 2313 1063 2370 sint,
1095 2313 1248 2358 deinde
1279 2326 1364 2370 qua
1386 2313 1442 2356 sit
1460 2315 1585 2356 uten-

201 2392 304 2434 dum
336 2392 595 2449 elocutione,
629 2392 811 2448 denique
843 2391 1054 2448 quomodo
1084 2394 1231 2449 partes
1263 2391 1468 2435 orationis
1499 2391 1586 2435 sint

200 2469 475 2515 ordinandae.
524 2470 664 2524 Quare
694 2470 788 2528 ipse
820 2473 957 2515 totam
982 2468 1161 2514 alteram
1184 2468 1274 2514 eius
1295 2468 1395 2514 libri
1415 2472 1584 2528 partem

197 2576 239 2613 τὰ
265 2579 335 2619 ἔξω
360 2577 422 2611 τοῦ
447 2576 657 2625 πράγματος
681 2577 854 2621 ἀκούων),
888 2577 999 2613 οὐθὲν
1024 2578 1082 2613 δεῖ
1111 2579 1320 2625 προοιμίου,
1352 2575 1432 2611 ἀλλ’
1456 2575 1476 2618 ἢ
1500 2575 1585 2610 ὅσον

197 2635 234 2674 '⁷5
258 2637 417 2687 πρᾶγμα
441 2637 555 2673 εἰπεῖν
578 2635 847 2683 κεφαλαιωδῶς,
873 2638 934 2673 ἵνα
957 2638 1017 2687 ἔχῃ
1040 2635 1158 2688 ὥσπερ
1185 2636 1291 2686 σῶμα
1313 2634 1488 2684 κεφαλήν.
1574 2677 1578 2679 Α
