1799 3119
820 174 878 218 5⁷

164 292 298 352 τινά),
329 297 373 339 31
403 308 496 340 33111
517 294 689 354 quidem
709 294 941 355 voluptatis
962 293 1184 340 cuiusdam
1203 293 1419 353 parandae
1441 290 1541 349 (χά-

165 374 281 431 ριτός
311 390 427 426 τινος
444 379 530 418 -καῐ
560 374 720 435 ἡδονῆς
751 374 1055 433 ἀπεργασίας),
1086 375 1149 418 113
1177 376 1227 417 111
1258 373 1350 418 eius
1372 387 1539 418 summa

165 453 370 498 consistat
399 454 446 498 in
475 453 729 500 blandiendo
760 455 938 513 ipsaque
968 467 1070 512 pars
1103 454 1160 499 sit
1178 453 1397 498 facultatis
1418 453 1539 498 blan-

165 531 309 575 diendi
340 532 430 588 (τῆς
458 532 717 589 κολακείας).
764 533 895 577 Cuius
922 533 1138 577 facultatis
1159 546 1256 577 cum
1278 532 1409 577 etiam
1431 532 1540 576 aliae

165 609 252 655 sint
281 613 441 668 partes,
473 610 606 656 veluti
636 626 867 670 coquorum
890 626 976 669 ars,
1008 626 1116 669 quae
1137 612 1264 668 vulgo
1287 612 1470 668 dicatur,
1502 612 1540 656 si

165 691 414 746 quaeratur,
454 690 620 747 qualem
660 694 828 748 partem
866 690 981 734 dicat
1018 703 1112 734 esse
1142 690 1421 747 rhetoricam,
1461 704 1539 734 sua

165 767 337 824 quidem
368 768 579 812 sententia
608 782 703 812 eam
734 781 827 812 3333
856 768 1037 811 rationis
1065 768 1201 812 civilis
1221 768 1458 826 particulae
1479 769 1538 813 31-

162 845 401 890 mulacrum
433 844 668 906 (πολιτικῆς
697 850 855 904 μορίου
886 845 1112 904 εἴδωλον),
1148 846 1277 904 idque
1308 847 1539 892 admodum

164 928 303 983 turpe.
351 925 472 978 Quod
503 939 601 970 cum
630 933 768 984 neque
787 926 892 970 Polo
917 926 1192 984 perspicuum
1215 926 1272 970 sit
1293 929 1336 970 et
1356 924 1541 982 Gorgiae

163 1007 252 1048 tam
283 1004 441 1049 mirum
472 1004 690 1062 videatur,
721 1008 771 1049 ut
802 1004 1044 1061 Socratem,
1077 1004 1191 1061 quod
1222 1004 1396 1061 dixerit,
1428 1004 1540 1049 dilu-

163 1082 300 1127 cidius
331 1082 545 1141 explicare
574 1083 733 1141 iubeat,
763 1083 852 1140 ille,
883 1086 933 1127 ut
962 1083 1154 1140 apertius
1184 1082 1274 1140 fiat,
1307 1084 1409 1141 quid
1441 1097 1538 1128 sen-

164 1161 268 1218 tiat,
313 1161 427 1206 hunc
471 1162 517 1205 111
564 1162 739 1207 modum
784 1162 1004 1220 disputare
1044 1161 1187 1219 pergit
1232 1161 1300 1220 (p.
1330 1162 1421 1206 464
1439 1162 1538 1217 A.).

162 1239 287 1285 Duae
317 1243 432 1297 sunt,
461 1240 615 1299 inquit,
647 1255 701 1285 ex
732 1240 886 1299 quibus
916 1240 1043 1285 homo
1072 1243 1252 1297 constat,
1284 1243 1445 1298 partes,
1477 1240 1539 1285 al—

162 1322 257 1364 tera
296 1319 487 1377 animus,
535 1320 670 1364 altera
708 1333 885 1378 corpus,
927 1319 1102 1376 eiusque
1140 1319 1277 1376 partis
1318 1319 1540 1377 utriusque

162 1398 274 1442 bona
304 1398 512 1455 quaedam
543 1401 608 1443 331
638 1399 850 1455 valetud0,
882 1398 957 1442 sed
988 1410 1039 1441 ea
1069 1400 1144 1441 aut
1174 1411 1274 1442 vere
1306 1398 1417 1442 bona
1444 1412 1539 1444 3333

163 1478 305 1534 potest
334 1479 410 1520 aut
441 1477 580 1533 specie
611 1479 778 1522 tantum
805 1476 931 1533 110113,
963 1478 1145 1533 suntque
1166 1490 1251 1533 res,
1282 1490 1391 1533 quae
1412 1477 1537 1534 hanc,

164 1557 264 1599 sunt
293 1554 413 1611 item,
446 1569 555 1612 quae
584 1555 705 1600 illam
725 1558 905 1613 possunt
925 1554 1105 1600 efficere.
1151 1554 1210 1599 Et
1231 1554 1422 1600 efficiunt
1443 1557 1537 1613 qui-

163 1633 261 1678 dem
291 1633 578 1678 valetudinem
608 1647 708 1678 vere
739 1634 895 1678 bonam
925 1634 1034 1678 duae
1065 1636 1194 1690 artes,
1226 1634 1363 1678 altera
1390 1635 1537 1691 animi,

164 1711 299 1756 altera
329 1712 541 1768 corporis3
573 1725 754 1767 quarum
786 1725 896 1768 eam,
928 1726 1037 1768 quae
1069 1715 1234 1769 spectat
1254 1712 1309 1755 ad
1330 1713 1537 1768 animum,

163 1788 332 1834 civilem
364 1786 622 1847 (πολιτικὴν)
653 1802 773 1846 voco,
804 1802 915 1846 eam,
946 1802 1055 1847 quae
1083 1790 1272 1847 pertinet
1292 1790 1346 1834 ad
1368 1803 1537 1848 corpus,

162 1882 247 1912 uno
284 1867 456 1924 quidem
486 1869 658 1912 nomine
688 1882 775 1913 non
805 1882 981 1926 possum
1012 1868 1255 1926 appellare,
1294 1869 1369 1913 sed
1400 1870 1539 1914 cultus

163 1947 368 2005 corporis,
382 1946 473 2004 -'qui
504 1960 614 1991 unus
646 1949 725 2003 est,
756 1946 863 1991 duas
892 1960 1005 2004 pono
1036 1946 1285 2004 particulas,
1316 1960 1446 1991 unam
1468 1961 1538 1992 ar-

163 2029 251 2069 tem
279 2014 535 2082 gymnicam,
567 2025 746 2068 alteram
766 2025 1041 2078 medicinam3
1073 2025 1252 2068 totidem
1273 2028 1417 2069 autem
1437 2040 1537 2083 par-

162 2106 228 2147 tes
260 2102 353 2147 dico
387 2115 479 2147 esse
498 2102 678 2148 rationis
699 2102 852 2161 civilis,
882 2116 1013 2148 unam
1033 2102 1177 2159 legum
1198 2103 1537 2161 scribendarum,

164 2181 343 2225 alteram
373 2181 481 2224 iuris
512 2181 685 2224 dicundi
716 2185 875 2238 artem,
905 2181 983 2225 has
1016 2181 1204 2236 singulas
1237 2181 1418 2236 singulis
1450 2182 1538 2226 illis

164 2257 482 2318 respondentes·
528 2257 587 2303 Et
617 2258 698 2305 hae
729 2259 901 2318 quidem
933 2263 1046 2305 artes
1077 2273 1203 2305 verae
1224 2259 1293 2304 vel
1314 2260 1449 2305 animi
1469 2260 1539 2306 vel

164 2339 355 2398 corporis
401 2339 641 2383 inserviunt
687 2340 828 2384 saluti.
892 2339 977 2384 Sed
1020 2339 1074 2383 iis
1112 2339 1408 2385 fraudulenter
1446 2355 1539 2386 sese
1628 2344 1630 2346 ’

165 2517 309 2564 quitur,
346 2527 407 2554 ars
437 2517 516 2555 ulla
546 2518 608 2556 sit.
661 2518 882 2557 Observatio
913 2518 1096 2565 quaedam
1128 2521 1206 2567 est,
1242 2522 1286 2557 ut
1314 2520 1396 2566 ipse
1430 2518 1538 2566 dixit,

164 2593 291 2638 earum
315 2593 450 2631 rerum,
476 2594 574 2632 quae
597 2584 637 2623 in
661 2585 821 2624 dicendo
848 2584 991 2622 valent?
