1799 3119
578 489 995 557 -.v1TA.

150 691 293 757 Natus
308 731 390 758 sum
414 718 648 771 Georgius
668 721 937 760 Richardus
954 720 1265 759 Wiechmann
1281 733 1312 759 a.
1332 720 1367 759 d.
1384 721 1522 760 XVIII.

150 779 231 817 Kal.
245 779 348 831 Sept.
366 781 453 819 anni
468 781 581 828 huius
596 782 734 820 saeculi
749 781 827 820 XL.
859 781 1065 832 Postampii
1080 788 1185 832 patre
1200 781 1231 820 F
1241 781 1438 820 erdinan
1449 781 1523 829 do,

149 839 298 878 scholae
314 839 483 879 urbanae
504 842 695 892 magistro,
716 848 833 880 matre
850 841 1069 892 Augusta
1091 854 1110 879 e
1132 848 1244 892 gente
1259 842 1438 888 Foehr,
1460 843 1525 892 qui

150 899 253 952 quod
273 899 395 939 adhuc
415 902 568 948 vivunt,
598 902 677 941 Deo
698 903 836 953 gratias
857 914 940 952 ago.
984 901 1114 940 Fidem
1136 901 1317 952 profiteor
1337 902 1524 952 evangeli-

150 971 243 1001 cam.
293 960 410 1000 Sexto
446 963 578 1000 aetatis
609 974 707 1002 anno
734 964 775 1001 in
805 962 970 1001 scholam
999 963 1100 1000 illam
1130 961 1319 1013 publicam
1348 974 1431 1000 sum
1461 961 1523 1000 de-

150 1019 303 1069 ductus,
331 1021 369 1059 in
400 1033 473 1072 qua
496 1028 602 1073 pater
621 1035 727 1061 meus
748 1023 999 1075 praeceptoris
1021 1034 1174 1061 munere
1195 1020 1368 1074 fungitur
1388 1023 1522 1073 cuique

147 1088 238 1119 tunc
261 1081 299 1120 C.
319 1081 418 1120 Chr.
435 1082 729 1130 Loefflerus,
755 1085 816 1121 vir
834 1084 1128 1129 sincerissimus,
1155 1084 1228 1120 iam
1250 1083 1395 1133 pridem
1417 1095 1523 1133 prae-

147 1147 295 1180 matura
313 1148 434 1180 morte
454 1142 694 1194 absumptus,
721 1150 846 1182 rector
864 1150 1044 1194 praeerat.
1088 1142 1162 1181 Ubi
1182 1149 1380 1193 postquam
1402 1144 1523 1193 prima

146 1192 353 1240 litterarum
376 1202 558 1240 elementa
579 1202 692 1241 didici
714 1202 815 1241 domi
834 1204 917 1253 ipso
937 1210 1043 1253 patre
1062 1203 1211 1253 pueruli
1231 1201 1357 1240 studia
1376 1214 1524 1240 summa

148 1273 234 1300 cum
256 1273 346 1300 cura
366 1261 601 1309 moderante,
624 1262 810 1301 decimum
831 1263 964 1300 aetatis
984 1274 1124 1300 annum
1146 1273 1261 1312 agens
1283 1263 1523 1312 gymnasium

147 1320 222 1359 adii
243 1321 536 1372 Postampiense,
558 1321 660 1372 quod
680 1322 750 1361 sub
772 1323 977 1372 Rigleri,
1006 1323 1078 1359 viri
1100 1321 1326 1369 doctissimi,
1347 1323 1523 1372 auspiciis

146 1380 256 1419 floret
276 1380 415 1431 diuque
434 1380 576 1419 floreat.
615 1381 732 1425 Quam
754 1382 921 1421 scholam
943 1394 1028 1420 cum
1049 1382 1314 1432 magistrorum
1332 1389 1524 1432 praestan-

149 1441 376 1479 tissimorum
404 1436 665 1480 benevolentia
694 1454 785 1480 usus
813 1454 881 1493 per
900 1454 1037 1480 novem
1061 1453 1242 1480 annorum
1265 1442 1426 1492 spatium
1448 1441 1522 1480 fre-

148 1508 398 1552 quentassem,
418 1502 654 1548 maturitatis,
671 1501 773 1552 quod
789 1501 930 1548 dicunt,
950 1502 1166 1539 testimonio
1182 1502 1388 1539 instructus
1404 1513 1522 1540 verno

146 1568 313 1614 tempore
350 1562 438 1600 anni
465 1560 726 1601 MDCCCLIX.
758 1561 972 1601 Berolinum
1003 1574 1064 1600 me
1094 1561 1237 1600 contuli
1263 1560 1391 1612 ibique
1422 1574 1444 1599 a
1475 1561 1521 1599 V.

145 1623 201 1661 Ill.
225 1623 394 1669 Dovio,
433 1624 497 1672 qui
525 1630 616 1660 tunc
646 1622 767 1661 fasces
794 1622 947 1661 tenebat
961 1614 1229 1669 academicos,
1266 1623 1523 1660 universitatis

145 1681 356 1722 Fridericae
387 1682 587 1721 Guilelmae
618 1681 764 1720 civibus
793 1682 1003 1733 adscriptus
1030 1681 1130 1733 apud
1155 1681 1198 1718 V.
1215 1681 1269 1719 lll.
1288 1681 1522 1732 Magnum,

144 1744 455 1795 philosophorum
477 1742 618 1781 ordinis
640 1742 835 1791 decanum,
855 1755 993 1782 nomen
1013 1741 1206 1793 professus
1223 1754 1320 1789 sum,
1340 1749 1385 1781 ut
1399 1742 1524 1781 studia

145 1805 372 1854 susciperem
393 1802 654 1853 philosophica
674 1810 711 1841 et
732 1803 969 1853 philologica.
1006 1803 1079 1840 Per
1099 1809 1255 1853 septem,
1277 1814 1372 1852 quae
1392 1804 1432 1840 in
1451 1803 1523 1840 hac

145 1863 242 1903 alma
270 1860 477 1902 litterarum
507 1862 594 1901 sede
623 1862 727 1914 degi,
755 1863 949 1902 semestria
978 1861 1154 1902 docentes
1184 1861 1312 1901 audivi
1330 1861 1524 1913 professo-

144 1936 204 1963 res
224 1924 495 1962 illustrissimos
517 1923 832 1970 Boeckhium,
861 1924 1177 1972 Droysenum,
1209 1922 1522 1973 Geppertum,

144 1984 424 2036 Hauptium,
457 1982 946 2033 Hengstenbergium,
982 1982 1268 2033 Koepkium,
1307 1982 1361 2020 de
1393 1983 1522 2022 Rau-

143 2057 337 2091 merum,
363 2042 889 2093 Trendelenburgium‚
911 2042 1076 2081 Werde
1087 2055 1197 2081 rum.
1239 2043 1435 2082 Praeterea
1455 2056 1524 2094 per

143 2106 216 2142 tria
261 2104 454 2141 semestria
501 2102 849 2149 exercitationibus,
897 2115 990 2153 quas
1037 2102 1522 2153 Trendelenburgius

142 2163 419 2210 moderabatur,
439 2162 708 2214 philosophicis
729 2162 893 2202 interfui.
932 2162 1076 2208 Quibus
1091 2164 1183 2202 viris
1205 2163 1379 2202 omnibus
1401 2163 1446 2202 de
1463 2176 1522 2202 me

144 2225 283 2276 optime
311 2224 452 2263 meritis
472 2224 630 2273 gratiam
651 2236 799 2275 semper
819 2224 968 2263 habebo
989 2225 1203 2263 maximam.
1231 2246 1279 2255 --
1305 2225 1521 2263 Auctumno

143 2286 232 2323 anni
252 2282 530 2322 MDCCCLXII.
547 2283 804 2335 Postampium
826 2285 866 2322 in
886 2284 1039 2323 domum
1061 2291 1255 2335 paternam
1275 2297 1449 2323 reversus
1469 2285 1522 2323 ibi

143 2345 240 2383 hanc
269 2344 567 2382 dissertationem
598 2346 804 2395 conscripsi
828 2345 876 2383 ad
897 2357 1064 2384 summos
1084 2346 1123 2383 in
1144 2345 1384 2401 philosophia
1403 2345 1521 2385 hono-

142 2416 202 2444 res
224 2402 482 2455 capessendos.
513 2420 516 2422 ·
