1799 3119
898 221 927 266 8

211 342 334 388 Unus
348 342 398 387 L.
412 342 683 402 Spengelius,
699 343 767 388 vir
783 343 1055 388 doctissimus
1071 342 1269 403 idemque
1285 343 1342 390 de
1354 343 1600 393 Aristotelis

210 421 334 468 libris
381 425 425 467 et
472 421 750 468 emendandis
798 425 841 468 et
887 422 1038 469 critica
1075 423 1243 471 ratione
1280 428 1600 485 perscrutandis

212 502 389 562 optime¹
409 503 613 558 meritus,
650 502 697 546 in
729 500 893 547 duabus
925 502 1378 562 commentationibus,
1419 518 1600 563 quarum

213 581 395 627 alteram
416 578 542 627 ‘uber
573 581 651 626 das
673 574 874 626 Studium
905 583 983 626 der
1002 582 1211 628 Rhetorik
1241 585 1310 629 bei
1335 584 1417 628 den
1434 584 1602 641 Alten’,

214 659 394 705 alteram
427 658 553 705 ‘iiber
593 660 662 704 die
701 657 910 704 Rhetorik
949 661 1023 705 des
1062 661 1339 707 Aristoteles’
1366 663 1601 721 inscripsit,

213 753 395 796 quarum
432 743 660 795 utramque
698 740 744 783 in
781 740 1211 784 commentationibus
1244 742 1487 785 academiae
1517 741 1601 785 Ba·-

212 818 383 863 varicae
422 818 571 862 classis
610 817 931 876 philosophicae
970 822 1014 863 et
1049 818 1331 877 philologicae
1344 854 1356 877 ,
1402 819 1523 865 illam
1561 834 1600 864 a.

217 893 366 953 1842„
387 897 498 941 hanc
521 909 559 941 a.
586 897 734 953 1851„
758 897 907 958 edidit,
928 897 1156 941 nonnullas
1178 899 1341 955 earum,
1367 912 1475 955 quae
1496 898 1603 942 mihi

212 974 542 1034 pertractandae
584 979 732 1033 erant,
769 990 916 1020 rerum
953 976 1142 1021 breviter
1177 977 1411 1035 paucisque
1443 978 1602 1034 attigit,

213 1067 321 1111 quos
350 1054 519 1099 libellos
550 1069 621 1099 me
651 1069 736 1099 non
765 1056 858 1099 sine
890 1054 1031 1112 aliquo
1062 1054 1348 1100 emolumento
1368 1055 1603 1114 perlegisse

212 1133 347 1179 libere
379 1137 422 1178 et
451 1134 636 1178 libenter
666 1133 882 1178 confiteor.

306 1211 392 1257 Sed
437 1212 525 1256 iam
564 1213 619 1257 ad
659 1213 800 1271 ipsam
843 1213 1139 1269 aggredientes
1178 1226 1271 1257 rem
1308 1213 1361 1257 de
1391 1212 1520 1256 -nulla
1555 1225 1603 1258 re

212 1293 335 1350 prius
368 1305 496 1348 quam
528 1291 581 1335 de
613 1291 852 1336 rhetoricae
883 1293 1065 1336 materia
1096 1306 1373 1349 quaeramus,
1411 1292 1458 1335 id
1490 1292 1603 1349 quod

213 1371 307 1428 ipse
339 1384 507 1428 quoque
538 1370 796 1415 Aristoteles
827 1371 890 1414 ita
918 1370 1042 1427 fecit,
1075 1384 1201 1428 quem
1234 1371 1314 1415 hac
1347 1370 1519 1428 quidem
1550 1371 1604 1415 de

213 1463 260 1492 re
298 1449 463 1494 iuvabit
501 1448 651 1492 audire
690 1449 893 1505 priorem.
958 1448 1040 1501 Qui
1079 1449 1293 1506 principio
1326 1449 1472 1492 statim
1503 1449 1603 1493 libri

212 1527 368 1586 primi:
398 1526 460 1570 ‘H
492 1525 693 1585 ῥητορική
724 1526 839 1570 ἐστιν
870 1524 1182 1583 ἀντίστροφος,
1219 1526 1382 1583 inquit,
1420 1528 1470 1589 τῇ
1503 1527 1603 1570 δια-

215 1606 405 1668 λεκτικῇ·
455 1602 706 1663 ἀμφότεραι
743 1603 828 1663 γὰρ
870 1609 969 1663 περὶ
1009 1606 1221 1649 τοσούτων
1259 1606 1390 1649 τινῶν
1429 1606 1538 1649 εῖσὶν
1574 1607 1604 1648 ἃ

213 1681 343 1729 κοινοὶ
381 1682 549 1741 τρόπον
586 1682 685 1729 τινὰ
723 1682 935 1728 ἁπάντων
975 1683 1063 1728 ἐστὶ
1102 1683 1324 1742 γνωρίζειν
1361 1687 1434 1728 καὶ
1473 1682 1603 1730 οὐδε-

212 1766 318 1822 μιᾶς
349 1764 581 1821 ἐπιστήμης
613 1762 934 1821 ἄφωρισμένης.
982 1762 1145 1815 Quibus
1166 1763 1309 1807 verbis
1331 1764 1468 1820 docet,
1500 1777 1603 1808 ana-

215 1843 331 1898 logia
370 1842 557 1899 quadam
589 1842 679 1886 sive
710 1842 987 1900 proportione
1018 1841 1266 1886 coniunctas
1297 1832 1391 1887 esse
1421 1842 1604 1887 rhetori-

217 1935 311 1966 cam
335 1924 379 1965 et
402 1920 684 1977 dialecticam,
702 1921 861 1979 quippe
883 1933 980 1964 cum
1003 1933 1056 1964 ex
1077 1920 1158 1964 hac
1177 1923 1300 1978 parte
1320 1922 1604 1978 consentiant,

215 2000 328 2056 quod
374 2002 557 2056 utraque
596 2000 642 2043 in
680 1999 840 2044 talibus
878 2003 1076 2043 versetur
1113 1999 1264 2056 rebus,
1312 2013 1421 2057 quae
1462 2000 1604 2057 aliquo

215 2079 343 2122 modo
383 2078 579 2122 omnibus
618 2078 862 2123 hominibus
902 2078 989 2122 sint
1028 2091 1276 2122 communes
1311 2078 1519 2135 facileque
1551 2078 1604 2123 ab

218 2158 414 2202 omnibus
454 2157 651 2213 cognosci
690 2158 861 2215 possint
897 2171 1035 2214 neque
1075 2156 1204 2201 ullius
1236 2157 1323 2201 sint
1353 2157 1604 2215 disciplinae

217 2238 345 2280 certis
374 2236 532 2281 finibus
564 2236 927 2294 circumscriptae.
975 2234 1148 2279 Etenim
1180 2235 1443 2292 dialecticae,
1475 2249 1604 2292 quam

218 2316 342 2371 dicit,
380 2329 431 2360 ea
463 2318 529 2359 est
559 2315 693 2371 ratic,
726 2318 774 2359 ut
804 2314 1079 2374 proficiscens
1111 2315 1164 2360 ab
1194 2315 1265 2371 iis,
1297 2328 1422 2372 quae·
1438 2327 1605 2371 quaque

219 2394 272 2438 de
291 2407 339 2438 re
359 2394 488 2450 vulgo
510 2397 759 2439 statuuntur
780 2392 852 2450 (τὰ
876 2393 1076 2450 ἔνδοξα),
1109 2393 1471 2451 disputationibus
1491 2392 1604 2438 ultro

217 2473 410 2528 citroque
448 2473 656 2518 habendis
696 2474 919 2531 opiniones
955 2472 1053 2515 illas
1083 2471 1281 2526 vulgares
1313 2485 1455 2522 secum
1487 2473 1605 2530 ipsas

215 2564 411 2609 pugnare
448 2555 491 2595 et
521 2553 634 2597 inter
666 2566 711 2596 se
744 2552 989 2608 discrepare
1021 2549 1217 2594 ostendat
1249 2548 1605 2606 difficultatesque

217 2630 280 2673 ita
321 2628 445 2689 quasi
487 2630 675 2688 exagitet
706 2632 834 2689 atque
867 2628 1080 2688 excutiat,
1119 2630 1169 2674 ut
1198 2642 1348 2675 verum
1378 2627 1606 2685 indagetur
