1799 3119
784 193 841 237 53

128 314 288 373 requiri
330 313 387 357 sit
424 313 669 359 arbitratus.
722 313 912 372 Eiusque
942 315 1006 359 rei
1036 315 1282 360 testimonio
1314 319 1379 360 est
1408 315 1507 361 rhe-

127 394 358 442 toricorum
403 392 513 439 liber
559 394 791 452 secundus,
838 395 885 439 in
931 408 1013 452 quo
1061 395 1198 440 multa
1244 409 1322 453 per
1366 396 1507 455 capita

129 477 180 531 (c.
212 471 406 526 1.-17.)
439 472 492 516 de
522 473 687 518 naturis
718 474 894 517 humani
927 475 1094 529 generis
1127 487 1177 518 ac
1208 476 1399 519 moribus
1431 489 1506 520 ex-

126 551 695 613 111100160011101155111160116
737 552 1006 610 exsequitur,
1049 567 1157 611 quae
1196 567 1367 599 morum
1405 567 1506 612 pro-

125 632 329 697 prietates
360 630 624 689 virtutesque
654 631 832 676 idoneae
865 632 951 675 sint
981 632 1036 675 ad
1067 631 1193 677 fidem
1225 633 1385 678 dicenti
1406 646 1505 678 con-

49 743 51 745 >
127 708 355 756 ciliandam
393 708 454 764 (0.
486 709 576 766 1.),
622 710 724 767 quid
763 710 942 767 quisque
980 713 1175 754 motuum
1216 713 1294 769 sit,
1337 726 1420 769 quo
1460 713 1506 756 in

126 801 269 834 rerum
301 790 415 832 statu
446 788 631 845 quidque
663 788 895 832 sentientes
928 791 971 831 et
995 789 1291 834 existimantes
1311 790 1506 835 homines

126 881 337 927 quamque
367 867 422 912 ad
452 867 586 912 animi
614 867 925 926 permotionem
956 866 1184 924 inclinent,
1216 882 1323 924 quos
1352 870 1399 912 in
1428 870 1505 913 ho-

124 947 261 991 mines
291 959 502 1003 quamque
523 945 695 989 illarum
718 945 883 989 soleant
904 945 1059 989 animis
1082 946 1320 1004 concipere,
1352 947 1507 1003 quibus

124 1025 250 1070 rebus
285 1028 481 1069 motuum
513 1025 691 1081 quisque
723 1027 797 1068 aut
826 1024 1079 1068 incendatur
1110 1028 1185 1069 aut
1214 1026 1507 1081 restinguatur

125 1103 178 1159 (c.
201 1102 414 1160 2.—11.),
445 1116 524 1161 pro
556 1103 766 1148 aetatibus
798 1115 906 1160 quae
930 1116 1096 1148 morum
1122 1103 1178 1148 sit
1198 1103 1503 1150 dissimilitudo

124 1182 444 1238 studiorumque
474 1182 692 1237 distantia,
724 1195 832 1238 quae
864 1181 1213 1239 adolescentium,
1247 1197 1355 1240 quae
1386 1185 1502 1228 viro-

122 1274 234 1318 rum,
267 1274 374 1318 quae
396 1274 546 1305 senum
566 1263 721 1304 natura
743 1258 796 1314 (c.
822 1260 1064 1316 12.—14.),
1095 1262 1289 1317 praemia
1309 1261 1505 1318 donaque

121 1340 317 1383 fortunae
349 1350 477 1395 quam
497 1338 586 1381 vim
616 1337 801 1382 habeant
831 1337 887 1380 ad
916 1350 1057 1381 mores
1090 1341 1133 1382 et
1163 1341 1329 1382 mentes
1362 1343 1405 1383 et
1432 1352 1503 1384 co-

121 1417 349 1473 gitationes
370 1416 606 1472 hominum,
640 1416 865 1473 quomode,
899 1417 972 1472 qui
992 1416 1140 1473 nobili,
1174 1417 1400 1473 quomodo,
1429 1419 1503 1474 qui

123 1496 301 1541 obscuro
331 1494 424 1540 loco
457 1494 544 1539 sint
573 1494 678 1551 nati,
711 1493 921 1552 quomodo
954 1493 1124 1552 divites,
1158 1495 1368 1552 quomodo
1394 1510 1502 1554 pau-

122 1589 261 1633 peres,
293 1574 503 1632 quomodo
534 1577 744 1632 potentes,
776 1574 985 1630 quomodo
1018 1574 1200 1618 humiles
1224 1574 1389 1618 soleant
1410 1590 1505 1620 esse

121 1654 278 1698 morati
308 1653 546 1710 animisque
577 1651 717 1697 affecti
743 1651 800 1707 (c.
831 1652 1070 1707 15.—17.).
1123 1651 1340 1697 Imbutum
1371 1654 1504 1710 igitur

121 1733 214 1777 vult
253 1746 346 1776 esse
386 1734 621 1786 oratorem,
659 1734 709 1773 ut
747 1731 793 1773 in
832 1743 970 1787 pauca
1000 1731 1239 1787 conferam,
1281 1732 1503 1777 subtiliore

122 1811 213 1856 eius
245 1810 495 1869 disciplinae
527 1809 783 1867 cognitione,
821 1823 948 1867 quam
979 1809 1106 1854 hodie
1136 1813 1290 1854 vocant
1320 1811 1502 1869 psycho-

120 1890 300 1953 logiam,
337 1888 595 1933 Aristoteles
626 1901 721 1932 cum
754 1889 1049 1947 philosophiae
1079 1893 1203 1946 parte
1233 1890 1387 1933 morali
1418 1904 1503 1935 uno

120 1968 482 2028 comprehendens
519 1967 691 2012 nomine
727 1967 796 2011 vel
835 1971 933 2026 περὶ
969 1965 1024 2009 τὰ
1064 1964 1160 2025 ἤθη
1199 1971 1503 2024 πραγματείαν

122 2048 179 2103 (V.
201 2048 373 2093 Rhetor.
395 2047 429 2104 I,
451 2048 493 2091 2.
517 2060 560 2104 p.
586 2046 742 2090 1356a
764 2046 836 2090 25.
870 2045 978 2089 ὥστε
1011 2048 1239 2101 συμβαίνει
1270 2044 1349 2102 τὴν
1371 2046 1502 2105 ῥητο-

120 2126 244 2185 ρικὴν
283 2125 378 2171 οἷον
417 2127 651 2183 παραφυές
688 2142 729 2169 τι
768 2125 841 2183 τῆς
881 2124 1148 2182 διαλεκτικῆς
1179 2126 1293 2168 εἶναι
1322 2129 1396 2168 καὶ
1427 2127 1502 2184 τῆς

120 2209 219 2263 περὶ
240 2203 310 2252 ,wi
352 2205 445 2263 ἤθη
484 2206 802 2262 πραγματείας,
848 2203 922 2248 ubi
961 2203 1282 2262 psychologiam
1321 2204 1404 2248 dici
1447 2218 1501 2249 ex

120 2284 262 2329 verbis
283 2283 629 2328 antecedentibus
651 2282 934 2339 cognoscitur)
956 2282 1039 2339 vel,
1072 2282 1172 2339 quia
1192 2285 1360 2340 partem
1380 2283 1502 2328 illam

120 2362 327 2407 moralem
367 2363 601 2407 subiectam
632 2364 777 2406 censet
807 2374 900 2405 esse
931 2361 1088 2404 rationi
1119 2360 1234 2403 civili
1267 2361 1325 2415 (v.
1354 2361 1500 2418 Magn.

119 2439 270 2486 Moral.
292 2440 326 2498 I,
352 2442 390 2484 1.
412 2440 507 2484 init.
538 2443 669 2498 μέρος
700 2439 814 2484 ἐστὶν
845 2439 945 2497 ἄρα,
979 2435 1037 2489 ὥς
1067 2436 1192 2490 ἔοικε,
1223 2442 1299 2482 καὶ
1329 2438 1441 2497 ἀρχὴ
1474 2437 1498 2497 ἦ

120 2524 219 2579 περὶ
256 2517 311 2564 τὰ
350 2516 446 2577 ἤθη
486 2521 760 2578 πραγματεία
799 2519 873 2575 τῆς
909 2517 1156 2577 πολιτικῆς)
1188 2522 1289 2577 περὶ
1319 2518 1374 2564 τὰ
1403 2516 1499 2577 ἤθη

119 2598 345 2663 πολιτικὴν
375 2597 564 2658 appellat
584 2598 641 2653 (v.
662 2597 837 2642 Rhetor.
858 2596 893 2655 I,
914 2597 957 2641 4.
979 2611 1023 2656 p,
1044 2597 1198 2643 1359b
1220 2599 1261 2643 8.
1287 2598 1392 2656 ὅπερ
1413 2595 1498 2657 γὰρ
