1799 3119
840 290 897 334 35

265 395 367 456 Hoc
386 410 520 468 igitur
550 409 736 470 primum
767 413 855 468 est,
893 410 1008 468 quod
1039 410 1101 468 ei,
1133 410 1207 468 qui
1239 410 1343 468 quid
1375 410 1552 456 dicendo

174 489 281 547 velit
310 489 491 549 efficere,
522 480 750 535 tenendum
778 498 877 535 'esse
898 489 1021 535 Plato
1054 493 1098 535 et
1114 489 1374 535 'Aristoteles
1407 491 1554 534 existi-

175 572 334 614 mant.'
372 569 466 615 Sed.
501 573 724 627 praeterea
766 570 921 614 iisdem
963 569 1205 614 auctoribus
1245 568 1407 613 multae
1446 568 1556 611 aliae

175 662 244 694 res
258 665 261 667 ’
275 648 444 693 oratori
468 650 567 692 sunt
596 648 911 704 cognoscendae
940 648 1168 705 variaeque
1198 651 1313 692 artes
1345 661 1396 692 ac
1427 647 1555 691 disci-

174 726 317 785 plinae
361 725 688 784 perdiscendae,
720 726 789 770 >de
835 726 989 784 quibus
1035 739 1141 772 num
1179 727 1404 771 conveniat
1441 726 1556 770 inter

175 809 269 863 eos,
294 818 408 849 nunc
439 819 643 863 quaerere
675 807 803 862 atque
835 805 1082 848 examinare
1111 804 1289 848 iuvabit.

265 882 387 927 Plato
433 884 607 941 praeter
651 881 755 926 iusti
801 881 903 927 bon'i
946 881 1198 939 honestique
1237 881 1460 926 scientiam
1499 881 1555 938 ei,

176 961 250 1018 qui
288 961 433 1020 cupiat
463 961 663 1018 eloquens
693 960 810 1018 fieri,
847 961 1064 1019 imprimis
1095 960 1382 1005 necessariam
1413 963 1558 1004 censet

176 1054 269 1085 esse
299 1042 436 1085 artem
467 1039 757 1097 dialecticam,
789 1054 873 1098 qua
904 1039 1077 1097 quidem
1109 1039 1161 1084 de
1192 1053 1239 1084 re
1269 1039 1315 1083 in
1344 1037 1556 1094 Phaedro,

176 1123 258 1175 quo
290 1118 456 1174 dialogo
489 1119 632 1162 omnia
664 1132 714 1162 ea
746 1119 1033 1175 continentur,
1065 1132 1174 1175 quae
1204 1117 1285 1162 hoc
1315 1117 1407 1161 loco
1430 1117 1554 1174 nobis

176 1198 277 1240 sunt
325 1196 569 1254 tractanda,
620 1197 725 1241 haec
773 1196 863 1242 fere
914 1196 1118 1254 disputat.
1180 1195 1319 1242 Docet
1363 1196 1555 1254 primum

177 1274 244 1333 (p.
268 1276 356 1319 263
366 1273 587 1331 A.—·E.)‚
619 1288 717 1319 cum
749 1275 908 1332 duplex
940 1276 997 1318 sit
1016 1289 1162 1319 rerum
1183 1289 1339 1331 genus,
1371 1274 1556 1318 alterum

175 1355 404 1409 certarum,
435 1352 489 1396 de
520 1353 673 1410 quibus
705 1365 852 1397 omnes
883 1352 999 1397 idem
1026 1353 1218 1397 'sentiant
1250 1351 1365 1410 (περὶ
1396 1348 1557 1413 ἃζὸμο-

176 1432 384 1489 venandis
404 1429 575 1487 ἔχομεν,
597 1431 646 1476 ἓν
667 1429 731 1482 οἷς
753 1431 1105 1490 συμφωνοῦμεν),
1128 1431 1311 1475 alterum
1333 1431 1554 1485 ambigua-

175 1522 294 1566 rum,
333 1508 387 1554 de
424 1509 576 1566 quibus
613 1509 757 1554 variae
796 1509 882 1553 sint
905 1509 1294 1567 ,discrepantesque
1332 1509 1554 1553 hominum

176 1587 423 1645 opioniones
456 1587 571 1643 (περὶ
603 1588 631 1631 ἃ
664 1588 949 1639 στασιωτικῶς
978 1586 1149 1645 ἔχομεν,
1180 1590 1282 1646 περὶ
1302 1582 1365 1631 ὦν
1385 1586 1554 1645 α’μφισ-

174 1666 390 1723 βητοῦμεν
421 1663 659 1723 ἀλλήλοις),
691 1679 864 1710 necesse
896 1679 989 1709 esse
1021 1669 1164 1709 orator
1194 1666 1364 1720 cognito
1394 1666 1556 1709 utrius-

176 1756 258 1800 que
295 1743 462 1799 generis
501 1743 747 1788 discrimine
771 1749 854 1788 'res
892 1743 1042 1788 dubias
1080 1742 1255 1797 definiat
1283 1744 1556 1802 breviterque

176 1835 227 1865 ac
257 1822 598 1879 circumscripte,
637 1822 741 1878 quid
769 1822 878 1865 illud
910 1823 988 1878 sit,
1020 1822 1073 1866 de
1105 1829 1187 1879 qu'o
1221 1822 1427 1880 suscipiat
1458 1836 1555 1867 ora-

175 1899 358 1957 tionem,
390 1899 587 1959 explicet.
632 1899 801 1945 Deinde
832 1900 1018 1946 ostendit
1049 1900 1118 1959 (p.
1141 1902 1231 1946 264
1242 1901 1473 1959 B.—o.)‚
1511 1902 1558 1946 id

176 1968 343 2037 quoque
371 1979 602 2024 videndum
635 1993 750 2036 esse,
781 1983 830 2023 ut
853 1980 1025 2036 omnia,
1057 1993 1165 2036 quae
1196 1980 1407 2036 dicantur,
1439 1984 1555 2024 certo

177 2057 362 2114 quodam
388 2057 550 2113 ,ordine
586 2058 859 2116 proferantur
895 2071 1002 2102 neve
1041 2060 1201 2112 temere
1240 2058 1555 2116 profundantur

177 2140 252 2181 aut
295 2137 568 2182 turbulenter
598 2137 878 2190 misceantur3
922 2143 1266 2193 unamquamque
1305 2138 1420 2181 enim
1458 2152 1554 2183 ora-

175 2215 337 2261 tionem
375 2215 553 2274 perinde
590 2218 717 2273 atque
748 2215 909 2260 animal
939 2215 1092 2260 debere
1122 2220 1412 2273 comparatam
1444 2231 1554 2274 esse,

175 2294 238 2339 ita
266 2295 316 2339 ut
346 2296 500 2352 corpus
532 2303 667 2339 suum'
687 2294 842 2340 habeat
872 2295 979 2340 bene
1011 2294 1305 2352 constitutum,
1337 2296 1449 2352 quod
1478 2310 1554 2340 ne-

177 2386 259 2430 que
296 2373 435 2431 capite
472 2386 551 2417 nec
579 2373 760 2431 pedibus
793 2377 958 2431 careat,
1000 2374 1074 2418 sed
1104 2374 1299 2432 partibus
1330 2374 1481 2419 mediis
1514 2378 1556 2419 et

178 2453 396 2497 ex'tremis‘
421 2452 478 2496 sit
515 2452 772 2508 instructum
810 2455 900 2496 tam
937 2453 1051 2496 inter
1091 2467 1136 2497 se
1171 2466 1300 2509 quam
1332 2454 1387 2497 ad
1417 2457 1555 2497 totum

177 2534 276 2588 apte
311 2530 658 2576 convenientibus
666 2528 721 2586 ιι).
792 2530 981 2584 Quorum
1012 2529 1249 2575 officiorum
1268 2519 1473 2590 'utrique‚
1512 2534 1554 2575 et

249 2637 294 2682 ιι)
327 2635 469 2673 Eadem
505 2636 751 2674 similitudine
786 2637 905 2674 utitur
941 2636 1168 2675 Aristoteles
1199 2637 1354 2677 Rhetor.
1385 2638 1455 2684 111,
1492 2637 1552 2675 14.

176 2705 214 2742 p.
233 2696 357 2738 1415b
376 2696 411 2734 7.
442 2697 518 2735 ἐπεὶ
549 2697 594 2735 ἂν
623 2697 664 2745 (ὅ
684 2697 879 2749 ἀκροατὴς)
904 2697 955 2748 μὴ
979 2700 1130 2740 τοιοῦτος
1153 2696 1175 2749 ᾖ
1207 2700 1308 2746 (scil.
1331 2700 1466 2746 φαῦλος
1491 2699 1554 2734 καὶ

1275 2762 1335 2801 341·
