1799 3119
852 191 909 235 2⁵

190 309 300 355 mari
308 305 356 366 ⁷),
377 323 426 355 eo
443 322 588 356 errore
602 309 771 357 fuerant
785 310 1008 374 implicati,
1031 311 1143 368 quod
1160 311 1397 358 rhetoricae
1411 326 1569 359 munus

191 402 282 434 esse
297 389 556 448 persuadere
572 389 886 438 existimabant.
897 415 954 424 —-
966 389 1097 452 Apud
1112 390 1335 438 Platonem
1352 391 1404 437 de
1420 392 1567 438 eadem

188 468 264 511 illa
294 468 538 514 definitione
570 483 707 515 sermo
740 473 806 515 est
835 472 880 514 in
912 470 1084 527 Gorgia.
1135 471 1309 515 Etenim
1340 474 1568 528 postquam

190 546 402 605 sophistes
433 548 639 604 gloriatus
672 553 751 607 est,
784 565 876 596 sese
907 565 1033 609 posse
1063 551 1109 595 in
1137 551 1326 608 quolibet
1347 549 1569 595 hominum

188 629 311 671 coetu
344 626 547 688 orationis
578 628 622 671 vi
651 629 931 686 persuadere,
971 629 1189 674 Socrates:
1228 629 1374 685 Nunc,
1412 629 1567 685 inquit,

188 704 346 749 videris
378 704 498 763 mihi,
530 704 702 763 Gorgia,
734 707 795 751 ita
825 710 874 750 ut
904 708 1100 765 proxime
1132 707 1187 751 ad
1207 720 1298 751 rem
1320 708 1567 765 accesseris,

188 783 445 827 rhetoricam
476 796 706 839 quamnam
737 787 873 829 artem
903 788 1078 842 putares
1100 798 1207 840 esse,
1239 785 1492 842 declarasse,
1524 789 1568 830 et

187 861 224 906 si
256 860 451 919 equidem
482 864 597 907 recte
627 861 834 921 intelligo,
868 863 975 909 dicis
1008 877 1102 909 03111
1116 889 1119 892 -
1132 862 1417 922 persuadendi
1443 862 1566 922 opifi-

186 954 278 984 cem
311 940 378 997 (p.
396 941 485 984 453
496 939 586 995 A).
644 941 805 992 Quibus
838 956 890 985 ex
918 943 1060 987 verbis
1088 943 1213 986 facile
1238 942 1380 996 colligi
1408 945 1566 999 potest,

185 1017 406 1063 Platonem
437 1018 547 1063 hanc
576 1018 812 1065 rhetoricae
843 1019 1131 1066 definitionem
1153 1034 1360 1066 consensu
1382 1033 1458 1065 suo
1479 1033 1567 1065 non

185 1096 312 1153 plane
344 1098 655 1155 comprobasse,
689 1100 762 1142 sed
794 1100 1007 1156 habuisse,
1039 1100 1152 1156 quod
1182 1101 1228 1143 in
1260 1114 1309 1143 03
1333 1100 1565 1156 reprehen-

187 1174 327 1227 deret3
366 1175 541 1232 ponitur
579 1176 691 1219 enim
732 1177 836 1220 haec
866 1178 1091 1221 manifesto
1123 1176 1329 1232 Gorgiae,
1367 1191 1453 1221 non
1486 1176 1564 1222 So·
1605 1231 1608 1233 ,

185 1253 315 1297 cratis
356 1253 578 1297 sententia.
643 1253 765 1306 Quod
803 1254 1079 1299 confirmatur
1108 1255 1185 1311 iis,
1226 1267 1334 1311 quae
1365 1255 1566 1313 deinceps

185 1331 471 1389 disputantur.
514 1331 706 1390 Exponit
737 1334 850 1378 enim
877 1333 1088 1389 Socrates,
1121 1334 1321 1390 quoniam
1352 1333 1567 1378 rhetorica

183 1423 270 1453 non
299 1409 389 1454 sola
408 1410 694 1467 persuadendi
716 1412 771 1456 sit
792 1412 951 1469 opifex,
983 1410 1272 1456 definitionem
1294 1425 1388 1456 03111
1409 1425 1564 1470 parum

185 1502 277 1533 esse
316 1491 578 1552 accuratam3
618 1489 858 1535 addendum
899 1491 1011 1535 enim
1052 1505 1167 1547 esse,
1210 1494 1253 1535 01
1291 1490 1460 1548 qualem
1493 1505 1563 1536 ars

184 1567 372 1611 oratoria
403 1566 560 1611 efficiat
589 1569 925 1626 persuasionem,
962 1572 1006 1613 et
1037 1570 1189 1626 quibus
1221 1570 1274 1613 de
1305 1570 1432 1614 rebus
1464 1583 1563 1627 per-

184 1646 374 1690 suadeat.
430 1645 578 1703 Itaque
610 1648 868 1692 assentiente
899 1648 1091 1712 sophista
1122 1648 1227 1692 haec
1257 1648 1430 1692 tandem
1462 1663 1563 1706 pro-

182 1725 357 1782 ponitur
388 1724 576 1769 definitio
609 1724 673 1783 (p.
696 1726 785 1770 455
797 1725 891 1781 A.)=
931 1724 990 1770 ‘H
1025 1724 1223 1784 ῥητορικὴ
1258 1728 1446 1778 πειθοῦς
1481 1728 1562 1785 δη-

182 1803 389 1860 μιουργός
420 1804 508 1847 ἐστι
539 1806 807 1862 πιστευτικῆς
837 1803 940 1848 ἀλλ’
964 1804 1016 1849 οὐ
1049 1805 1360 1862 διδασκαλικῆς
1392 1804 1581 1864 περὶτὰ,

255 1941 284 1984 ⁷)
317 1940 426 1976 Errat
442 1939 694 1984 Quintilianus
712 1941 751 1977 in
768 1941 891 1978 Instit.
906 1941 1006 1979 Orat.
1030 1940 1112 1977 libr.
1135 1941 1183 1977 ΙΙ.
1209 1951 1241 1977 0.
1265 1941 1321 1978 15.
1348 1944 1380 1984 15.
1401 1942 1436 1977 4.
1463 1942 1562 1979 hanc

182 2005 396 2052 opinionem
429 2006 677 2052 pronuntians
708 2007 891 2054 originem
928 2006 1082 2043 duxisse
1113 2006 1161 2043 ab
1193 2006 1370 2043 Isocrate.
1428 2007 1506 2044 Iam
1539 2018 1562 2045 a

182 2071 324 2119 Gorgia
347 2072 573 2110 rhetoricam
598 2071 790 2111 definitam
816 2083 899 2111 csse
922 2072 1175 2119 persuadendi
1194 2071 1367 2119 opificem
1393 2084 1441 2110 ex
1464 2073 1561 2112 libro

181 2137 349 2175 Platonis
373 2139 625 2186 cognoscitur,
650 2139 714 2187 qui
738 2139 820 2177 eius
836 2138 1026 2186 sophistae
1042 2138 1259 2176 inscribitur
1282 2139 1446 2176 nomine.
1485 2139 1561 2178 Sed

181 2214 229 2241 ne
254 2203 316 2240 hic
341 2205 493 2251 quidem
519 2205 679 2253 primus,
713 2206 779 2243 sed
804 2209 892 2244 ante
916 2212 1002 2243 eum
1027 2205 1101 2242 iam
1126 2205 1249 2242 Tisias
1274 2207 1313 2242 et
1338 2205 1477 2252 Corax,
1505 2217 1562 2243 ar-

181 2270 275 2308 tium
302 2270 504 2319 scriptores
528 2272 789 2320 antiquissimi,
814 2271 885 2309 hac
909 2271 967 2309 usi
987 2274 1076 2309 sunt
1094 2269 1323 2319 definitione,
1349 2271 1381 2309 si
1405 2272 1560 2320 quidem

181 2336 275 2375 fides
307 2341 365 2375 est
401 2338 576 2376 habenda
607 2340 766 2377 Auctori
797 2339 972 2385 Prolegg.
1005 2339 1044 2374 in
1076 2340 1271 2386 Hermog.‚
1309 2339 1411 2385 apud
1448 2350 1560 2386 quem

182 2406 242 2451 (p.
256 2405 306 2451 8.)
331 2404 424 2442 haec
449 2405 643 2453 leguntur:
668 2407 754 2443 Ἀλλ’
775 2408 938 2455 ἔλθωμεν
961 2406 1022 2441 καὶ
1053 2408 1208 2454 εἴπωμεν
1233 2399 1264 2441 ἦ
1290 2408 1360 2442 ἔστι
1385 2407 1557 2457 ῥητορική.

184 2473 229 2506 Οἱ
251 2472 335 2519 περὶ
365 2474 491 2507 Τισίαν
521 2474 582 2508 καὶ
606 2474 762 2521 Κόρακα
794 2471 970 2517 ὁρίζονται
995 2469 1102 2515 αὐτὴν
1127 2471 1248 2511 οὕτως·
1279 2472 1462 2521 Ῥητορική
1492 2475 1560 2507 ἔστι

179 2537 326 2577 πειθοῦς
346 2537 565 2586 δημιουργός
583 2535 646 2583 (ef.
661 2537 703 2574 L.
717 2535 910 2584 Spengelii
928 2547 1053 2584 συναγ.
1067 2550 1157 2585 τεχν.
1173 2536 1316 2586 stuttg.
1329 2548 1364 2575 a.
1379 2538 1482 2574 1828.
1498 2537 1558 2574 ed.

179 2611 216 2647 p.
230 2601 320 2648 34.).
