1799 3119
808 217 863 259 17

150 336 342 395 quaestio
388 335 531 393 aliqua
577 336 630 380 de
669 350 718 380 ea
760 338 967 381 exsistere
1009 338 1083 380 aut
1121 336 1331 381 dubitatio
1370 338 1533 381 moveri

148 414 308 474 possit,
348 417 529 473 cumque
570 414 623 460 de
661 419 711 460 ea
746 416 804 460 sit
834 414 1158 464 deliberandum
1190 419 1234 459 et
1264 415 1457 460 homines
1488 417 1534 460 in

149 494 340 538 diversas
380 495 547 552 possint
584 494 800 539 discedere
839 495 1071 539 sententias
1105 493 1401 553 (α’μφιδοξετν
1432 492 1467 549 Ι,
1489 495 1531 538 2.

148 585 191 629 p.
213 568 367 617 1356‘11
390 573 473 627 8.);
514 572 593 617 hoc
633 574 746 617 enim
782 572 877 617 fieri
906 587 993 617 non
1025 576 1167 630 potest
1197 573 1284 617 nisi
1314 573 1361 616 in
1390 572 1534 628 rebus,

150 664 258 707 quae
290 651 392 708 quid
425 650 543 696 dubii
573 651 758 697 habeant
787 656 916 709 atque
947 652 1114 696 incerti.
1140 676 1197 682 —
1223 651 1357 708 Quae,
1390 651 1428 694 si
1459 651 1533 694 de-

147 728 420 774 liberativum
468 733 511 775 et
557 729 757 774 iudiciale
804 743 1031 774 causarum
1072 732 1319 787 spectantur
1359 742 1533 786 genera,

148 793 386 853 rectissime
417 823 510 854 esse
541 809 775 867 disputata,
807 812 856 852 ut
879 809 954 853 vix
986 809 1068 853 erit
1099 809 1173 865 qui
1204 807 1425 862 infitietur,
1454 809 1532 864 ita,

149 887 351 943 quoniam
386 888 439 932 de
471 890 563 932 arte
595 887 783 931 oratoria
813 887 1015 931 universa
1044 885 1151 930 haec
1182 886 1333 930 statuit
1364 886 1533 929 Aristo-

147 964 277 1021 teles,
309 965 423 1009 haud
454 965 674 1009 defuturos
706 968 810 1022 puto
843 979 939 1021 eos,
972 965 1045 1021 qui
1079 965 1290 1020 dubitent,
1321 977 1424 1007 num
1456 976 1534 1020 pa-

147 1043 253 1086 riter
284 1046 411 1099 atque
442 1043 488 1087 in
518 1043 594 1097 illa
624 1043 669 1086 in
700 1043 898 1099 tertium,
931 1043 1044 1100 quod
1075 1040 1364 1086 ἐπιδεικτικὸν
1394 1045 1533 1097 vocat,

148 1134 281 1176 genus
313 1120 417 1165 haec
447 1121 598 1165 cadere
627 1121 868 1165 videantur.
909 1121 1007 1179 Ipse
1039 1122 1154 1165 enim
1185 1121 1316 1165 etiam
1348 1120 1534 1178 scriptor

148 1203 354 1257 oratores,
386 1200 459 1256 qui
479 1199 526 1243 in
546 1199 626 1244 hoc
647 1213 801 1255 genere
822 1203 1061 1256 versentur,
1093 1200 1207 1244 facta
1228 1214 1391 1256 eorum,
1425 1213 1532 1256 quos

146 1277 324 1321 laudent
362 1281 436 1321 aut
465 1278 734 1335 vituperent,
773 1290 852 1335 pro
885 1278 1013 1322 certis
1046 1281 1089 1322 et
1120 1278 1332 1322 concessis
1364 1290 1534 1321 sumere

148 1357 221 1401 ait.
261 1355 314 1401 V.
335 1356 377 1414 I,
401 1357 443 1401 9.
478 1370 521 1414 p.
551 1357 706 1401 1368a
729 1356 807 1401 28.
844 1354 921 1408 τὰς
956 1355 1042 1413 γοὶρ
1076 1356 1258 1414 πράξεις
1290 1353 1534 1413 ὁμολογου-

145 1437 281 1491 μένας
322 1434 623 1491 λαμβάνουσιν
662 1432 730 1488 (οἳ
768 1434 1044 1478 §mammae
1077 1434 1240 1491 λόγοι),
1281 1437 1334 1479 et'
1353 1433 1436 1492 III,
1461 1435 1531 1479 17.

146 1527 190 1572 p.
224 1514 374 1557 1417b
403 1514 475 1557 31.
517 1513 565 1557 ἓν
605 1513 654 1556 δὲ
706 1520 796 1564 τοῖς
846 1513 1145 1564 ἐπιδεικτικοῖς
1186 1511 1233 1557 τὸ
1281 1513 1417 1565 πολύ,
1465 1513 1531 1556 ὅτι

149 1591 266 1636 καλὰ
297 1595 369 1635 καὶ
401 1589 619 1649 ὠφέλιμα,
651 1590 677 1649 ἢ
709 1588 892 1648 αὔξησις
923 1589 1063 1635 ἔσται·
1094 1589 1149 1635 τοὶ
1180 1589 1266 1649 γὰρ
1296 1591 1533 1648 πράγματα

148 1670 219 1712 δεῖ·
254 1667 557 1713 πιστεύεσθαι.
618 1668 680 1712 At
709 1682 811 1712 vero
852 1672 998 1712 utrum
1038 1669 1224 1726 quidque
1262 1669 1440 1713 honeste
1478 1682 1532 1712 an

147 1748 332 1806 turpiter
364 1760 576 1806 quamque
606 1746 782 1792 honeste
814 1751 889 1792 aut
917 1748 1103 1806 turpiter
1133 1748 1294 1809 factum
1326 1762 1419 1792 esse
1450 1762 1532 1805 pu-

146 1827 326 1871 tandum
365 1830 608 1883 quantaque
643 1825 770 1870 laude
802 1830 876 1869 aut
906 1826 1221 1884 vituperatione
1252 1826 1429 1882 dignum
1461 1826 1532 1884 sit,

148 1909 377 1964 antequam
409 1909 554 1950 orator
585 1905 759 1962 dixerit;
791 1919 1060 1963 nequaquam
1093 1906 1289 1950 omnibus
1321 1906 1426 1950 satis
1454 1920 1532 1963 ap-

146 1986 339 2042 paruerit
379 1988 453 2028 aut
490 1987 613 2029 extra
652 1989 824 2027 omnem
859 1984 1192 2028 controversiam
1224 1984 1354 2027 situm
1385 1983 1528 2027 fuerit.

147 2063 295 2123 Itaque
327 2067 522 2123 apertum
555 2066 634 2121 est,
666 2063 796 2107 etiam
828 2063 954 2107 huius
986 2063 1154 2118 generis
1186 2076 1337 2106 causas
1370 2062 1529 2106 delibe-

146 2144 357 2188 rationem
393 2142 611 2201 postulare
648 2142 852 2200 litemque
890 2145 933 2186 et
963 2141 1255 2199 quaestionem
1271 2133 1528 2185 admittere.

147 2209 282 2266 Haud*
304 2223 436 2278 igitur
465 2222 625 2265 iniuria
654 2221 933 2278 Aristoteles,
963 2221 1038 2266 ubi
1069 2220 1354 2276 consultetur,
1384 2219 1530 2263 rheto-

148 2300 261 2345 ricae
293 2314 386 2346 esse
416 2300 567 2362 locum·
589 2300 706 2345 dicit.

238 2379 384 2436 Plato,
433 2380 506 2436 qui
552 2379 731 2423 eandem
773 2379 882 2423 hanc
921 2380 1211 2436 quaestionem
1250 2377 1296 2421 in
1334 2369 1529 2422 Phaedro

149 2455 336 2502 breviter
368 2458 636 2515 strictimque
668 2458 863 2514 attingit,
895 2457 992 2515 plus
1023 2458 1164 2502 valere
1195 2457 1455 2502 rhetoricam
1485 2457 1529 2501 in

150 2536 360 2592 ambiguis
399 2537 659 2594 incertisque
701 2537 828 2581 rebus
867 2536 1040 2580 iudicat.
1092 2535 1143 2580 V.
1176 2550 1220 2594 p.
1245 2537 1334 2581 263
1346 2536 1404 2580 Β.
1437 2538 1528 2578 ΣΩ.

141 2608 197 2655 ‘H
224 2613 423 2675 ῥητορικὴ
456 2615 506 2661 ἒν
538 2618 735 2674 ποτέροις
767 2614 812 2671 (i.
830 2628 868 2660 e.
902 2614 1090 2675 πότερον
1110 2615 1158 2661 ἕν
1180 2614 1243 2668 οἷς
1265 2613 1527 2675 συμφωνοῦ-

1237 2694 1260 2730 2
