1799 3119
920 214 979 263 22

249 340 469 401 quispiam
507 338 744 387 adducatur
784 338 1052 399 opinionem,
1099 343 1148 386 ut
1186 334 1334 400 putet,
1373 339 1551 400 perinde
1590 353 1640 385 ac

247 421 387 466 multa
418 420 518 477 alia,
550 414 660 478 quae
690 420 737 463 in
769 419 849 464 hoc
878 418 989 464 libro
1019 418 1232 476 legantur,
1264 420 1326 463 ita
1357 432 1421 477 ea,
1455 433 1564 478 quae
1587 419 1639 465 de

248 501 293 545 vi
326 503 370 546 et
400 503 556 545 natura
585 499 825 545 rhetoricae
857 499 1146 557 disserantur,
1177 513 1263 545 non
1294 502 1383 544 tam
1416 500 1472 543 ad
1503 503 1640 544 artem

249 580 421 625 dicendi
463 580 733 636 universam,
784 593 913 636 quam
953 578 1007 622 ad
1047 584 1231 636 pravum
1271 580 1361 623 eius
1401 577 1642 636 falsumque

248 673 376 704 usum
402 672 495 703 esse
517 659 757 715 referenda,
788 658 1097 713 Platonemque
1119 661 1263 701 orator
1282 658 1498 715 perfectus
1518 671 1640 701 vere-

249 750 332 795 que
373 737 576 795 eloquens
616 749 701 780 non
739 735 877 780 solum
907 735 1035 780 fidem
1067 735 1228 780 faceret
1259 735 1334 780 sed
1365 736 1536 781 doceret
1566 749 1641 779 vo-

247 817 397 862 luisse.
463 817 585 869 Quod
626 816 664 860 si
701 817 798 873 quis
826 817 1094 875 suspicetur,
1135 827 1234 859 eum
1264 815 1444 860 meliora
1474 815 1642 859 docebit

248 896 335 953 hic,
367 896 442 953 qui
468 896 515 940 in
543 894 739 939 Phaedro
770 894 836 953 (p.
855 895 943 939 269
953 894 1032 949 D.)
1062 894 1294 950 invenitur,
1325 894 1465 938 locus:
1503 892 1641 938 Ἀλλὰ

251 974 305 1033 δὴ
347 973 426 1032 τῆν
468 977 546 1018 τοῦ
584 977 643 1034 τῷ
684 974 775 1018 ὄντι
811 966 1041 1032 ῥητορικοῦ
1071 990 1117 1017 τε
1149 976 1223 1017 καὶ
1254 973 1456 1018 πιθανοῦ
1487 976 1642 1031 τέχνην

248 1054 343 1104 πῶς
385 1056 459 1095 καὶ
491 1050 641 1096 πόθεν
673 1052 731 1095 ἄν
761 1068 825 1102 τις
858 1051 1041 1096 δύναιτο
1074 1048 1484 1109 πορίσασθαιςᾞὺί
1514 1064 1642 1096 verus

250 1135 397 1177 orator
427 1134 608 1176 vocatur
638 1129 851 1183 πιθανός.
893 1130 1012 1175 Haec
1043 1134 1184 1176 autem
1216 1145 1317 1188 vox,
1349 1131 1431 1176 etsi
1462 1144 1487 1175 a
1512 1131 1642 1175 verbo

248 1213 428 1256 πείθειν
449 1214 516 1255 est
537 1211 746 1267 derivata,
779 1210 908 1267 quod,
932 1214 982 1254 ut
1000 1209 1124 1254 Plato
1147 1211 1304 1255 acriter
1325 1209 1643 1266 animadvertit,

251 1290 549 1336 diversitatem
596 1294 739 1347 potest
778 1303 933 1347 capere
975 1289 1322 1346 significationis,
1370 1290 1497 1347 plane
1535 1289 1644 1333 nihil

250 1370 382 1414 habet
412 1368 619 1424 ambigui,
652 1381 749 1412 cum
782 1382 836 1432 ex
867 1369 1085 1413 communi
1117 1369 1325 1413 sermonis
1356 1367 1511 1413 Graeci
1541 1380 1642 1412 con-

251 1447 478 1493 suetudine
517 1460 605 1491 non
646 1447 815 1491 dicatur
852 1447 939 1492 nisi
977 1448 1031 1492 de
1066 1448 1144 1504 iis,
1185 1447 1258 1504 qui
1290 1446 1392 1504 quid
1423 1446 1643 1505 probabile

249 1526 437 1573 reddunt
480 1526 571 1571 sive
611 1526 892 1584 probabiliter
931 1530 974 1572 et
1013 1526 1068 1571 ad
1106 1524 1237 1571 fidem
1273 1525 1512 1571 faciendam
1544 1529 1643 1585 apte

250 1606 500 1663 loquuntur,
532 1620 671 1663 neque
703 1606 758 1649 ad
791 1620 863 1650 eos
891 1607 1121 1665 pertineat,
1154 1606 1228 1663 qui
1250 1619 1355 1663 quas
1377 1605 1553 1650 tradunt
1573 1619 1643 1650 res

249 1698 331 1742 pro
372 1684 501 1728 certi-s
543 1684 697 1728 docent
733 1687 859 1741 atque
889 1685 1129 1728 necessarie
1161 1684 1469 1728 demonstrant.
1531 1683 1643 1728 Huic

250 1765 505 1819 argumento
536 1763 754 1806 neminem
780 1776 905 1820 spero
925 1763 1018 1807 fore
1040 1763 1142 1819 quin
1164 1762 1301 1807 cedat.
1344 1762 1643 1807 Certissimum

250 1843 385 1896 igitur
423 1845 512 1897 est,
550 1842 683 1885 verba
720 1841 797 1885 illa
827 1839 956 1885 ‘odd'
984 1842 1072 1898 ἄρα
1105 1839 1415 1892 διδασκαλικὸς
1446 1838 1470 1885 ὃ
1502 1841 1642 1898 ῥήτωρ

250 1920 387 1971 ἐστίν,
428 1917 548 1963 ἀλλὰ
581 1918 775 1971 πιστικὸς
804 1918 964 1976 μόνον’
993 1933 1041 1964 re
1072 1933 1174 1965 vera
1203 1919 1396 1965 Platonis
1428 1920 1482 1964 de
1511 1920 1643 1964 totius

251 2000 358 2044 artis
412 1998 625 2043 oratoriae
671 1999 716 2043 vi
767 2012 818 2043 ac
864 2003 1021 2044 natura
1052 1999 1283 2057 explicare
1330 2000 1584 2044 sententiam
1594 1996 1642 2054 ⁶).

250 2078 396 2135 Atque
427 2078 473 2121 in
504 2077 585 2121 hoc
616 2077 790 2135 quidem
820 2078 1117 2135 Aristotelem,
1148 2082 1197 2121 ut
1218 2081 1311 2122 erat
1331 2091 1519 2135 necesse,
1550 2091 1642 2123 ma-

251 2157 385 2212 gistro
419 2170 495 2200 suo
527 2157 873 2214 praeclarissimo
906 2171 1084 2215 prorsus
1113 2170 1206 2201 esse
1228 2140 1466 2213 assensum,
1497 2171 1551 2201 ex
1574 2158 1642 2214 iis,

253 2247 360 2291 quae
393 2247 527 2293 supra
548 2234 880 2292 disputavimus,
912 2234 1017 2279 satis
1039 2237 1105 2280 est
1124 2235 1414 2294 perspicuum.
1438 2258 1495 2266 —
1519 2234 1642 2280 Cete-

252 2327 350 2357 rum
387 2313 618 2357 admodum
652 2316 717 2357 est
749 2315 841 2357 veri
874 2314 1035 2371 simile,
1078 2313 1298 2358 Platonem
1331 2314 1521 2358 omnium
1553 2315 1642 2372 pri-

326 2436 354 2480 ⁶)
386 2436 456 2473 His
479 2435 664 2476 refellitur
696 2442 735 2476 et
759 2438 998 2486 redarguitur
1024 2438 1310 2486 Stallbaumius‚
1344 2440 1409 2486 qui
1434 2440 1474 2476 in
1498 2440 1642 2486 praefa-

250 2502 357 2540 tione
390 2502 438 2538 ad
466 2502 642 2551 Gorgiam
670 2505 783 2549 (edit.
804 2505 915 2552 prim.
937 2505 1094 2543 a.1828.
1122 2516 1159 2552 p.
1173 2506 1248 2551 21.)
1275 2506 1434 2543 multum
1461 2505 1555 2543 dicit
1579 2506 1642 2543 ab·

250 2579 355 2616 esse,
381 2570 426 2605 ut
449 2567 694 2617 philosophus
718 2572 757 2608 in
782 2572 855 2610 hoc
879 2573 995 2619 libro,
1028 2584 1192 2620 quanam
1216 2574 1255 2611 in
1280 2585 1321 2612 re
1345 2574 1406 2612 vis
1430 2573 1642 2611 rhetoricae

250 2646 295 2673 ac
321 2638 457 2673 natura
482 2639 667 2684 cernatur,
692 2638 868 2676 subtilius
893 2639 1050 2685 aperiat.
