1799 3119
873 210 932 254 28

982 268 1015 275 „-

212 328 412 374 Alterum
443 342 547 374 num
577 331 694 375 recte
726 330 955 386 statuatur,
988 328 1155 376 dubitet
1184 329 1366 375 fortasse
1387 330 1602 388 quispiam

212 411 457 468 propterea,
490 408 604 466 quod
625 407 882 454 Aristoteles
913 407 959 452 in
990 407 1100 454 libro
1124 409 1258 455 altero
1284 407 1337 464 (c.
1357 408 1447 464 24.)
1473 410 1602 454 etiam

213 501 286 532 eos
331 487 449 532 locos
489 491 704 544 recenset,
751 502 806 532 ex
846 488 1000 545 quibus
1039 501 1149 544 quae
1190 489 1389 533 videntur
1429 488 1602 544 quidem

214 580 308 611 esse
338 580 477 622 neque
508 569 654 610 tamen
686 569 786 610 sunt
816 566 1136 623 enthymemata
1166 567 1382 612 ducuntur
1414 565 1603 620 (τόπους

212 645 299 688 τῶν
332 647 617 699 φαινομένων
647 643 1007 701 ἐνθυμημάτων).
1057 643 1142 688 Sed
1173 645 1278 700 quid
1310 645 1363 689 de
1393 644 1460 689 his
1489 643 1602 688 iudi-

213 722 389 779 caverit,
421 722 516 780 ipse
547 722 663 766 haud
694 721 873 766 obscure
904 725 970 766 est
1000 722 1233 780 professus.
1280 722 1454 767 Etenim
1483 725 1602 781 post-

214 814 343 858 quam
381 801 530 846 multis
571 800 667 845 aliis
706 801 811 846 locis
852 802 1114 846 enumeratis
1146 804 1361 859 postremo
1394 802 1603 846 eiusmodi

214 878 536 937 enthymemata
572 883 664 923 tum
703 879 796 924 fieri
837 880 1059 937 exposuit,
1097 892 1216 935 cum,
1258 892 1366 936 quae
1398 880 1503 924 cum'
1527 880 1602 925 ad-

212 958 430 1002 iunctione
461 958 552 1002 veri
585 957 744 1001 similia
775 958 884 1015 sint,
921 958 984 1001 ita
1014 957 1311 1015 proferantur,
1344 959 1467 1013 quasi
1499 959 1603 1002 sim-

212 1036 383 1093 pliciter
414 1036 502 1080 sint
522 1035 614 1079 veri
647 1036 806 1080 similia
837 1033 977 1095 (παρὰ
1010 1034 1057 1080 τὸ
1090 1032 1149 1094 μὴ
1177 1032 1330 1086 ἅπλῶς
1350 1033 1462 1087 εἰκὸς
1484 1032 1604 1079 ἀλλὰ

212 1117 252 1158 τὶ
283 1111 444 1170 εἰκός),
491 1114 605 1159 hunc
651 1115 698 1158 in
744 1114 919 1159 modum
966 1115 1110 1172 pergit
1147 1115 1368 1173 disputare
1410 1113 1495 1171 (11,
1528 1115 1601 1159 24.

211 1207 254 1251 p.
289 1193 445 1237 1402a
479 1193 599 1247 24.):
646 1197 720 1236 καὶ
766 1191 815 1236 τὸ
864 1191 939 1237 τὸν
985 1193 1095 1250 ἥττω
1145 1194 1195 1240 δὲ
1244 1192 1379 1248 λόγον
1427 1196 1601 1251 κρείττω

212 1278 357 1317 ποιεῖν
395 1267 517 1316 τοῦτ’
546 1271 674 1317 ἐστίν.
729 1275 803 1315 καὶ
839 1271 1049 1316 ἐντεῦθεν
1081 1271 1261 1323 δικαίως
1292 1272 1603 1328 ἐδυσχέραινον

212 1348 256 1393 οἳ
302 1347 543 1407 ἄνθρωποι
590 1348 639 1393 τὸ
680 1351 982 1407 Πρωταγόρου
1027 1350 1300 1407 ἐπάγγελμα·
1350 1349 1518 1407 ψεῦδός
1556 1366 1602 1393 τε

209 1427 298 1484 γάρ
351 1427 461 1480 ἐστι,
514 1431 588 1471 καὶ
640 1426 719 1471 οὐκ
772 1426 943 1485 ἀληθὲς
989 1426 1107 1471 α’λλὰ
1153 1425 1428 1486 φαινόμενον
1473 1425 1603 1478 εἰκός.

212 1506 374 1560 Quibus
396 1506 539 1552 verbis
570 1505 678 1551 illud
711 1506 1001 1567 sophistarum
1021 1502 1115 1551 ‘vor
1137 1506 1246 1563 ἥττω
1271 1504 1406 1561 λόγον
1426 1508 1600 1565 κρείττω

213 1583 388 1638 ποιεῖν’,
421 1586 534 1642 quod
564 1586 755 1644 primum
785 1585 970 1629 iactasse
999 1584 1278 1640 Protagoram
1311 1598 1365 1628 ex
1396 1585 1491 1642 ipso
1522 1584 1602 1630 hoo

210 1664 304 1708 loco
351 1663 579 1721 discimus,
625 1663 972 1719 indignabundus
1013 1663 1196 1719 castigat
1233 1666 1277 1707 et
1311 1662 1601 1721 reprehendit,

210 1742 339 1800 idque
378 1742 498 1798 ideo,
539 1742 652 1799 quod
692 1741 927 1786 mendaciis
967 1743 1010 1785 et
1048 1741 1230 1798 talibus,
1271 1754 1379 1798 quae
1415 1741 1615 1798 speciem.

210 1824 380 1865 tantum
396 1820 714 1878 probabilitatis
740 1820 940 1876 habeant,
957 1820 1195 1864 rationibus
1218 1820 1395 1864 nitatur.
1426 1819 1495 1864 Ex
1517 1834 1600 1877 quo

212 1900 308 1957 quis
339 1913 426 1944 non
457 1902 699 1955 cognoscat,
732 1912 879 1943 omnes
911 1898 1130 1943 rhetorum
1162 1898 1353 1943 fallacias
1376 1898 1601 1944 Aristoteli

209 1977 475 2036 improbatas
506 1977 655 2034 fuisse,
689 1990 871 2034 eumque
903 1991 1051 2022 omnes
1082 1977 1221 2021 malae
1253 1981 1367 2021 artes
1388 1977 1598 2021 rationes-

211 2070 294 2113 que
322 2055 620 2100 fraudulentae
650 2058 693 2099 et
722 2069 747 2099 a
769 2055 950 2100 veritate
972 2055 1210 2100 disiunctae
1231 2055 1381 2113 procul
1402 2055 1601 2100 abessent

210 2148 236 2178 a
277 2134 491 2179 rhetorica
529 2133 745 2179 voluisse?
781 2159 832 2165 —
874 2133 967 2187 Qua
1003 2134 1049 2179 in
1087 2148 1135 2178 re
1174 2147 1432 2192 quamquam
1471 2133 1600 2193 plane

210 2214 426 2259 consensit
463 2228 561 2258 cum
591 2213 792 2270 Platone,
834 2216 977 2257 tamen
1012 2227 1060 2257 eo
1092 2228 1227 2271 usque
1257 2228 1343 2258 non
1374 2214 1599 2271 processit,

211 2295 260 2335 ut
292 2292 355 2348 ei,
396 2292 470 2350 qui
501 2292 661 2336 iniuste
694 2294 769 2335 aut
799 2292 993 2350 improbe
1024 2292 1192 2337 dicendi
1222 2292 1426 2337 facultate
1456 2295 1598 2337 utere-

209 2374 304 2425 tur,
343 2371 527 2415 oratoris
564 2384 720 2415 nomen
752 2370 1083 2415 abiudicandum
1113 2374 1188 2415 aut
1218 2370 1487 2428 eripiendum
1517 2385 1598 2428 pu-

206 2451 347 2505 taret,
387 2461 470 2505 qua
507 2449 552 2493 in
592 2450 805 2494 sententia
835 2448 1060 2494 Platonem
1097 2448 1230 2492 fuisse
1267 2448 1383 2504 haud
1420 2448 1595 2495 difficile

206 2531 272 2571 est
303 2526 502 2586 probatu.
546 2526 720 2572 Etenim
747 2527 821 2572 ille
846 2528 893 2572 in
915 2526 1076 2584 Gorgia
1104 2526 1170 2585 (p.
1187 2528 1276 2572 459
1287 2528 1511 2573 l).—-460
1527 2528 1594 2583 G.)

207 2606 268 2650 sic
308 2606 398 2651 fere
438 2610 775 2661 argumentatur.
833 2606 961 2651 Ponit
996 2607 1207 2665 primum,
1246 2608 1393 2665 utique
1424 2619 1597 2651 necesse
